%YAML 1.1
%TAG !u! tag:unity3d.com,2011:
--- !u!1 &7679242347400982510
GameObject:
  m_ObjectHideFlags: 0
  m_CorrespondingSourceObject: {fileID: 0}
  m_PrefabInstance: {fileID: 0}
  m_PrefabAsset: {fileID: 0}
  serializedVersion: 6
  m_Component:
  - component: {fileID: 7679242347400982499}
  - component: {fileID: 7679242347400982498}
  - component: {fileID: 7679242347400982509}
  - component: {fileID: 7519915629172207830}
  - component: {fileID: 5415074221909150803}
  - component: {fileID: 3379516539776880103}
  - component: {fileID: 5758979087008005284}
  m_Layer: 12
  m_Name: AimerEnemy
  m_TagString: Untagged
  m_Icon: {fileID: 0}
  m_NavMeshLayer: 0
  m_StaticEditorFlags: 0
  m_IsActive: 1
--- !u!4 &7679242347400982499
Transform:
  m_ObjectHideFlags: 0
  m_CorrespondingSourceObject: {fileID: 0}
  m_PrefabInstance: {fileID: 0}
  m_PrefabAsset: {fileID: 0}
  m_GameObject: {fileID: 7679242347400982510}
  m_LocalRotation: {x: 0, y: 0, z: 0, w: 1}
  m_LocalPosition: {x: 1, y: 6, z: 5}
  m_LocalScale: {x: 1, y: 1, z: 1}
  m_Children:
  - {fileID: 6405776385619219096}
  - {fileID: 302267969779610487}
  - {fileID: 7789525443508620473}
  - {fileID: 2333745163760249877}
  - {fileID: 2499432280993301540}
  - {fileID: 1500157191947213726}
  m_Father: {fileID: 0}
  m_RootOrder: 0
  m_LocalEulerAnglesHint: {x: 0, y: 0, z: 0}
--- !u!212 &7679242347400982498
SpriteRenderer:
  m_ObjectHideFlags: 0
  m_CorrespondingSourceObject: {fileID: 0}
  m_PrefabInstance: {fileID: 0}
  m_PrefabAsset: {fileID: 0}
  m_GameObject: {fileID: 7679242347400982510}
  m_Enabled: 1
  m_CastShadows: 0
  m_ReceiveShadows: 0
  m_DynamicOccludee: 1
  m_MotionVectors: 1
  m_LightProbeUsage: 1
  m_ReflectionProbeUsage: 1
  m_RayTracingMode: 0
  m_RenderingLayerMask: 1
  m_RendererPriority: 0
  m_Materials:
  - {fileID: 10754, guid: 0000000000000000f000000000000000, type: 0}
  m_StaticBatchInfo:
    firstSubMesh: 0
    subMeshCount: 0
  m_StaticBatchRoot: {fileID: 0}
  m_ProbeAnchor: {fileID: 0}
  m_LightProbeVolumeOverride: {fileID: 0}
  m_ScaleInLightmap: 1
  m_ReceiveGI: 1
  m_PreserveUVs: 0
  m_IgnoreNormalsForChartDetection: 0
  m_ImportantGI: 0
  m_StitchLightmapSeams: 0
  m_SelectedEditorRenderState: 0
  m_MinimumChartSize: 4
  m_AutoUVMaxDistance: 0.5
  m_AutoUVMaxAngle: 89
  m_LightmapParameters: {fileID: 0}
  m_SortingLayerID: 0
  m_SortingLayer: 0
  m_SortingOrder: 5
  m_Sprite: {fileID: 21300000, guid: 6e56bcd4ab9586a448d1243f00d119db, type: 3}
  m_Color: {r: 1, g: 1, b: 1, a: 1}
  m_FlipX: 0
  m_FlipY: 0
  m_DrawMode: 1
  m_Size: {x: 0.2, y: 0.2}
  m_AdaptiveModeThreshold: 0.5
  m_SpriteTileMode: 0
  m_WasSpriteAssigned: 1
  m_MaskInteraction: 0
  m_SpriteSortPoint: 0
--- !u!50 &7679242347400982509
Rigidbody2D:
  serializedVersion: 4
  m_ObjectHideFlags: 0
  m_CorrespondingSourceObject: {fileID: 0}
  m_PrefabInstance: {fileID: 0}
  m_PrefabAsset: {fileID: 0}
  m_GameObject: {fileID: 7679242347400982510}
  m_BodyType: 1
  m_Simulated: 1
  m_UseFullKinematicContacts: 1
  m_UseAutoMass: 0
  m_Mass: 1
  m_LinearDrag: 0
  m_AngularDrag: 0.05
  m_GravityScale: 0
  m_Material: {fileID: 0}
  m_Interpolate: 0
  m_SleepingMode: 1
  m_CollisionDetection: 0
  m_Constraints: 4
--- !u!114 &7519915629172207830
MonoBehaviour:
  m_ObjectHideFlags: 0
  m_CorrespondingSourceObject: {fileID: 0}
  m_PrefabInstance: {fileID: 0}
  m_PrefabAsset: {fileID: 0}
  m_GameObject: {fileID: 7679242347400982510}
  m_Enabled: 1
  m_EditorHideFlags: 0
  m_Script: {fileID: 11500000, guid: 0d07e86db764f2a4d8712c2926ea3df1, type: 3}
  m_Name: 
  m_EditorClassIdentifier: 
  ramDamage: 10
  enemyName: AimerFleer
  health: 6
  _moveUsageDelay: 0
  _deathParticles: {fileID: 7519207729155580828, guid: d59f708df12b5cb46bc54f7283954a03,
    type: 3}
  _damageParticles: {fileID: 4228687378355850049, guid: 55e55e1147478f3469e855320b2d2ed1,
    type: 3}
--- !u!58 &5415074221909150803
CircleCollider2D:
  m_ObjectHideFlags: 0
  m_CorrespondingSourceObject: {fileID: 0}
  m_PrefabInstance: {fileID: 0}
  m_PrefabAsset: {fileID: 0}
  m_GameObject: {fileID: 7679242347400982510}
  m_Enabled: 0
  m_Density: 1
  m_Material: {fileID: 0}
  m_IsTrigger: 0
  m_UsedByEffector: 0
  m_UsedByComposite: 0
  m_Offset: {x: 0, y: 0}
  serializedVersion: 2
  m_Radius: 0.0775
--- !u!60 &3379516539776880103
PolygonCollider2D:
  m_ObjectHideFlags: 0
  m_CorrespondingSourceObject: {fileID: 0}
  m_PrefabInstance: {fileID: 0}
  m_PrefabAsset: {fileID: 0}
  m_GameObject: {fileID: 7679242347400982510}
  m_Enabled: 1
  m_Density: 1
  m_Material: {fileID: 0}
  m_IsTrigger: 0
  m_UsedByEffector: 0
  m_UsedByComposite: 0
  m_Offset: {x: 0, y: 0}
  m_SpriteTilingProperty:
    border: {x: 0, y: 0, z: 0, w: 0}
    pivot: {x: 0.5, y: 0.5}
    oldSize: {x: 6.4, y: 6.4}
    newSize: {x: 0.2, y: 0.2}
    adaptiveTilingThreshold: 0.5
    drawMode: 1
    adaptiveTiling: 0
  m_AutoTiling: 1
  m_Points:
    m_Paths:
    - - {x: -1, y: 0.58}
      - {x: -0.82, y: 0.58}
      - {x: -0.82, y: -0.79999995}
      - {x: -0.79999995, y: -0.82}
      - {x: -0.62, y: -1.8}
      - {x: -0.59999996, y: -1.8199999}
      - {x: -0.42, y: -2.8}
      - {x: -0.39999998, y: -2.82}
      - {x: -0.22, y: -3.1999998}
      - {x: 0.22, y: -3.1999998}
      - {x: 0.42999998, y: -2.81}
      - {x: 0.83, y: -0.79999995}
      - {x: 1.03, y: 0.57}
      - {x: 1.38, y: 0.58}
      - {x: 1.38, y: 0}
      - {x: 1.4, y: -0.02}
      - {x: 1.5799999, y: -0.59999996}
      - {x: 1.5999999, y: -0.62}
      - {x: 1.78, y: -0.62}
      - {x: 1.78, y: -1.8}
      - {x: 1.8, y: -1.8199999}
      - {x: 1.9799999, y: -1.8199999}
      - {x: 1.9799999, y: -3.1999998}
      - {x: 2.3899999, y: -3.1999998}
      - {x: 2.72, y: -2.76}
      - {x: 2.79, y: -3.04}
      - {x: 3.1999998, y: -3.02}
      - {x: 3.1999998, y: -0.78}
      - {x: 3.02, y: -0.78}
      - {x: 3.02, y: 0.19999999}
      - {x: 2.81, y: 0.83}
      - {x: 2.62, y: 1.43}
      - {x: 2.27, y: 2.1699998}
      - {x: 2.62, y: 2.6}
      - {x: 2.62, y: 3}
      - {x: 2.4199998, y: 3.1999998}
      - {x: 1.9799999, y: 3.1999998}
      - {x: 1.5799999, y: 2.8}
      - {x: 1.24, y: 2.8999999}
      - {x: 0.94, y: 3.1999998}
      - {x: -0.83, y: 3.1999998}
      - {x: -1.3199999, y: 2.85}
      - {x: -1.9699999, y: 3.1999998}
      - {x: -2.4299998, y: 3.1999998}
      - {x: -2.6499999, y: 3.02}
      - {x: -2.62, y: 2.55}
      - {x: -2.24, y: 2.19}
      - {x: -2.6499999, y: 1.42}
      - {x: -3.02, y: 0.19999999}
      - {x: -3.1999998, y: -0.75}
      - {x: -3.1999998, y: -3.02}
      - {x: -2.78, y: -3.05}
      - {x: -2.51, y: -2.87}
      - {x: -2.37, y: -3.1999998}
      - {x: -1.9799999, y: -3.1999998}
      - {x: -1.5799999, y: -0.61}
      - {x: -1.02, y: 0.97999996}
      - {x: -1.02, y: 0.59999996}
--- !u!114 &5758979087008005284
MonoBehaviour:
  m_ObjectHideFlags: 0
  m_CorrespondingSourceObject: {fileID: 0}
  m_PrefabInstance: {fileID: 0}
  m_PrefabAsset: {fileID: 0}
  m_GameObject: {fileID: 7679242347400982510}
  m_Enabled: 1
  m_EditorHideFlags: 0
  m_Script: {fileID: 11500000, guid: 84658c18eee1f134286cf0e1ddb655cf, type: 3}
  m_Name: 
  m_EditorClassIdentifier: 
  _clips:
  - {fileID: 8300000, guid: e2a4a8a8dc9cd9240aaf8db7f6dfc791, type: 3}
--- !u!1001 &542373836081530103
PrefabInstance:
  m_ObjectHideFlags: 0
  serializedVersion: 2
  m_Modification:
    m_TransformParent: {fileID: 7679242347400982499}
    m_Modifications:
    - target: {fileID: 866532309311563047, guid: cb301e66c6db015489403ccc48d0f4fa,
        type: 3}
      propertyPath: fireCount
      value: 2
      objectReference: {fileID: 0}
    - target: {fileID: 2874922730315852002, guid: cb301e66c6db015489403ccc48d0f4fa,
        type: 3}
      propertyPath: m_RootOrder
      value: 3
      objectReference: {fileID: 0}
    - target: {fileID: 2874922730315852002, guid: cb301e66c6db015489403ccc48d0f4fa,
        type: 3}
      propertyPath: m_LocalPosition.x
      value: 0
      objectReference: {fileID: 0}
    - target: {fileID: 2874922730315852002, guid: cb301e66c6db015489403ccc48d0f4fa,
        type: 3}
      propertyPath: m_LocalPosition.y
      value: 0
      objectReference: {fileID: 0}
    - target: {fileID: 2874922730315852002, guid: cb301e66c6db015489403ccc48d0f4fa,
        type: 3}
      propertyPath: m_LocalPosition.z
      value: 0
      objectReference: {fileID: 0}
    - target: {fileID: 2874922730315852002, guid: cb301e66c6db015489403ccc48d0f4fa,
        type: 3}
      propertyPath: m_LocalRotation.w
      value: 1
      objectReference: {fileID: 0}
    - target: {fileID: 2874922730315852002, guid: cb301e66c6db015489403ccc48d0f4fa,
        type: 3}
      propertyPath: m_LocalRotation.x
      value: -0
      objectReference: {fileID: 0}
    - target: {fileID: 2874922730315852002, guid: cb301e66c6db015489403ccc48d0f4fa,
        type: 3}
      propertyPath: m_LocalRotation.y
      value: -0
      objectReference: {fileID: 0}
    - target: {fileID: 2874922730315852002, guid: cb301e66c6db015489403ccc48d0f4fa,
        type: 3}
      propertyPath: m_LocalRotation.z
      value: -0
      objectReference: {fileID: 0}
    - target: {fileID: 2874922730315852002, guid: cb301e66c6db015489403ccc48d0f4fa,
        type: 3}
      propertyPath: m_LocalEulerAnglesHint.x
      value: 0
      objectReference: {fileID: 0}
    - target: {fileID: 2874922730315852002, guid: cb301e66c6db015489403ccc48d0f4fa,
        type: 3}
      propertyPath: m_LocalEulerAnglesHint.y
      value: 0
      objectReference: {fileID: 0}
    - target: {fileID: 2874922730315852002, guid: cb301e66c6db015489403ccc48d0f4fa,
        type: 3}
      propertyPath: m_LocalEulerAnglesHint.z
      value: 0
      objectReference: {fileID: 0}
    - target: {fileID: 8096841262158595771, guid: cb301e66c6db015489403ccc48d0f4fa,
        type: 3}
      propertyPath: m_Name
      value: AimedShot (2)
      objectReference: {fileID: 0}
    m_RemovedComponents: []
  m_SourcePrefab: {fileID: 100100000, guid: cb301e66c6db015489403ccc48d0f4fa, type: 3}
--- !u!4 &2333745163760249877 stripped
Transform:
  m_CorrespondingSourceObject: {fileID: 2874922730315852002, guid: cb301e66c6db015489403ccc48d0f4fa,
    type: 3}
  m_PrefabInstance: {fileID: 542373836081530103}
  m_PrefabAsset: {fileID: 0}
--- !u!1001 &2581716937136216981
PrefabInstance:
  m_ObjectHideFlags: 0
  serializedVersion: 2
  m_Modification:
    m_TransformParent: {fileID: 7679242347400982499}
    m_Modifications:
    - target: {fileID: 866532309311563047, guid: cb301e66c6db015489403ccc48d0f4fa,
        type: 3}
      propertyPath: fireCount
      value: 2
      objectReference: {fileID: 0}
    - target: {fileID: 2874922730315852002, guid: cb301e66c6db015489403ccc48d0f4fa,
        type: 3}
      propertyPath: m_RootOrder
      value: 1
      objectReference: {fileID: 0}
    - target: {fileID: 2874922730315852002, guid: cb301e66c6db015489403ccc48d0f4fa,
        type: 3}
      propertyPath: m_LocalPosition.x
      value: 0
      objectReference: {fileID: 0}
    - target: {fileID: 2874922730315852002, guid: cb301e66c6db015489403ccc48d0f4fa,
        type: 3}
      propertyPath: m_LocalPosition.y
      value: 0
      objectReference: {fileID: 0}
    - target: {fileID: 2874922730315852002, guid: cb301e66c6db015489403ccc48d0f4fa,
        type: 3}
      propertyPath: m_LocalPosition.z
      value: 0
      objectReference: {fileID: 0}
    - target: {fileID: 2874922730315852002, guid: cb301e66c6db015489403ccc48d0f4fa,
        type: 3}
      propertyPath: m_LocalRotation.w
      value: 1
      objectReference: {fileID: 0}
    - target: {fileID: 2874922730315852002, guid: cb301e66c6db015489403ccc48d0f4fa,
        type: 3}
      propertyPath: m_LocalRotation.x
      value: -0
      objectReference: {fileID: 0}
    - target: {fileID: 2874922730315852002, guid: cb301e66c6db015489403ccc48d0f4fa,
        type: 3}
      propertyPath: m_LocalRotation.y
      value: -0
      objectReference: {fileID: 0}
    - target: {fileID: 2874922730315852002, guid: cb301e66c6db015489403ccc48d0f4fa,
        type: 3}
      propertyPath: m_LocalRotation.z
      value: -0
      objectReference: {fileID: 0}
    - target: {fileID: 2874922730315852002, guid: cb301e66c6db015489403ccc48d0f4fa,
        type: 3}
      propertyPath: m_LocalEulerAnglesHint.x
      value: 0
      objectReference: {fileID: 0}
    - target: {fileID: 2874922730315852002, guid: cb301e66c6db015489403ccc48d0f4fa,
        type: 3}
      propertyPath: m_LocalEulerAnglesHint.y
      value: 0
      objectReference: {fileID: 0}
    - target: {fileID: 2874922730315852002, guid: cb301e66c6db015489403ccc48d0f4fa,
        type: 3}
      propertyPath: m_LocalEulerAnglesHint.z
      value: 0
      objectReference: {fileID: 0}
    - target: {fileID: 8096841262158595771, guid: cb301e66c6db015489403ccc48d0f4fa,
        type: 3}
      propertyPath: m_Name
      value: AimedShot
      objectReference: {fileID: 0}
    m_RemovedComponents: []
  m_SourcePrefab: {fileID: 100100000, guid: cb301e66c6db015489403ccc48d0f4fa, type: 3}
--- !u!4 &302267969779610487 stripped
Transform:
  m_CorrespondingSourceObject: {fileID: 2874922730315852002, guid: cb301e66c6db015489403ccc48d0f4fa,
    type: 3}
  m_PrefabInstance: {fileID: 2581716937136216981}
  m_PrefabAsset: {fileID: 0}
--- !u!1001 &3643985548368777109
PrefabInstance:
  m_ObjectHideFlags: 0
  serializedVersion: 2
  m_Modification:
    m_TransformParent: {fileID: 7679242347400982499}
    m_Modifications:
    - target: {fileID: 2757232699561169931, guid: b4808ae468d61c444ae0875d43eb82f3,
        type: 3}
      propertyPath: m_RootOrder
      value: 5
      objectReference: {fileID: 0}
    - target: {fileID: 2757232699561169931, guid: b4808ae468d61c444ae0875d43eb82f3,
        type: 3}
      propertyPath: m_LocalPosition.x
      value: -0.5229122
      objectReference: {fileID: 0}
    - target: {fileID: 2757232699561169931, guid: b4808ae468d61c444ae0875d43eb82f3,
        type: 3}
      propertyPath: m_LocalPosition.y
      value: 0.20162368
      objectReference: {fileID: 0}
    - target: {fileID: 2757232699561169931, guid: b4808ae468d61c444ae0875d43eb82f3,
        type: 3}
      propertyPath: m_LocalPosition.z
      value: 0.14814381
      objectReference: {fileID: 0}
    - target: {fileID: 2757232699561169931, guid: b4808ae468d61c444ae0875d43eb82f3,
        type: 3}
      propertyPath: m_LocalRotation.w
      value: 1
      objectReference: {fileID: 0}
    - target: {fileID: 2757232699561169931, guid: b4808ae468d61c444ae0875d43eb82f3,
        type: 3}
      propertyPath: m_LocalRotation.x
      value: 0
      objectReference: {fileID: 0}
    - target: {fileID: 2757232699561169931, guid: b4808ae468d61c444ae0875d43eb82f3,
        type: 3}
      propertyPath: m_LocalRotation.y
      value: 0
      objectReference: {fileID: 0}
    - target: {fileID: 2757232699561169931, guid: b4808ae468d61c444ae0875d43eb82f3,
        type: 3}
      propertyPath: m_LocalRotation.z
      value: 0
      objectReference: {fileID: 0}
    - target: {fileID: 2757232699561169931, guid: b4808ae468d61c444ae0875d43eb82f3,
        type: 3}
      propertyPath: m_LocalEulerAnglesHint.x
      value: 0
      objectReference: {fileID: 0}
    - target: {fileID: 2757232699561169931, guid: b4808ae468d61c444ae0875d43eb82f3,
        type: 3}
      propertyPath: m_LocalEulerAnglesHint.y
      value: 0
      objectReference: {fileID: 0}
    - target: {fileID: 2757232699561169931, guid: b4808ae468d61c444ae0875d43eb82f3,
        type: 3}
      propertyPath: m_LocalEulerAnglesHint.z
      value: 0
      objectReference: {fileID: 0}
    - target: {fileID: 3058385153653944148, guid: b4808ae468d61c444ae0875d43eb82f3,
        type: 3}
      propertyPath: m_Name
      value: Desolate
      objectReference: {fileID: 0}
    m_RemovedComponents: []
  m_SourcePrefab: {fileID: 100100000, guid: b4808ae468d61c444ae0875d43eb82f3, type: 3}
--- !u!4 &1500157191947213726 stripped
Transform:
  m_CorrespondingSourceObject: {fileID: 2757232699561169931, guid: b4808ae468d61c444ae0875d43eb82f3,
    type: 3}
  m_PrefabInstance: {fileID: 3643985548368777109}
  m_PrefabAsset: {fileID: 0}
--- !u!1001 &5475307197583778907
PrefabInstance:
  m_ObjectHideFlags: 0
  serializedVersion: 2
  m_Modification:
    m_TransformParent: {fileID: 7679242347400982499}
    m_Modifications:
    - target: {fileID: 866532309311563047, guid: cb301e66c6db015489403ccc48d0f4fa,
        type: 3}
      propertyPath: fireDelay
      value: 0
      objectReference: {fileID: 0}
    - target: {fileID: 2874922730315852002, guid: cb301e66c6db015489403ccc48d0f4fa,
        type: 3}
      propertyPath: m_RootOrder
      value: 2
      objectReference: {fileID: 0}
    - target: {fileID: 2874922730315852002, guid: cb301e66c6db015489403ccc48d0f4fa,
        type: 3}
      propertyPath: m_LocalPosition.x
      value: 0
      objectReference: {fileID: 0}
    - target: {fileID: 2874922730315852002, guid: cb301e66c6db015489403ccc48d0f4fa,
        type: 3}
      propertyPath: m_LocalPosition.y
      value: 0
      objectReference: {fileID: 0}
    - target: {fileID: 2874922730315852002, guid: cb301e66c6db015489403ccc48d0f4fa,
        type: 3}
      propertyPath: m_LocalPosition.z
      value: 0
      objectReference: {fileID: 0}
    - target: {fileID: 2874922730315852002, guid: cb301e66c6db015489403ccc48d0f4fa,
        type: 3}
      propertyPath: m_LocalRotation.w
      value: 1
      objectReference: {fileID: 0}
    - target: {fileID: 2874922730315852002, guid: cb301e66c6db015489403ccc48d0f4fa,
        type: 3}
      propertyPath: m_LocalRotation.x
      value: -0
      objectReference: {fileID: 0}
    - target: {fileID: 2874922730315852002, guid: cb301e66c6db015489403ccc48d0f4fa,
        type: 3}
      propertyPath: m_LocalRotation.y
      value: -0
      objectReference: {fileID: 0}
    - target: {fileID: 2874922730315852002, guid: cb301e66c6db015489403ccc48d0f4fa,
        type: 3}
      propertyPath: m_LocalRotation.z
      value: -0
      objectReference: {fileID: 0}
    - target: {fileID: 2874922730315852002, guid: cb301e66c6db015489403ccc48d0f4fa,
        type: 3}
      propertyPath: m_LocalEulerAnglesHint.x
      value: 0
      objectReference: {fileID: 0}
    - target: {fileID: 2874922730315852002, guid: cb301e66c6db015489403ccc48d0f4fa,
        type: 3}
      propertyPath: m_LocalEulerAnglesHint.y
      value: 0
      objectReference: {fileID: 0}
    - target: {fileID: 2874922730315852002, guid: cb301e66c6db015489403ccc48d0f4fa,
        type: 3}
      propertyPath: m_LocalEulerAnglesHint.z
      value: 0
      objectReference: {fileID: 0}
    - target: {fileID: 8096841262158595771, guid: cb301e66c6db015489403ccc48d0f4fa,
        type: 3}
      propertyPath: m_Name
      value: AimedShot (1)
      objectReference: {fileID: 0}
    m_RemovedComponents: []
  m_SourcePrefab: {fileID: 100100000, guid: cb301e66c6db015489403ccc48d0f4fa, type: 3}
--- !u!4 &7789525443508620473 stripped
Transform:
  m_CorrespondingSourceObject: {fileID: 2874922730315852002, guid: cb301e66c6db015489403ccc48d0f4fa,
    type: 3}
  m_PrefabInstance: {fileID: 5475307197583778907}
  m_PrefabAsset: {fileID: 0}
--- !u!1001 &7600908146416256658
PrefabInstance:
  m_ObjectHideFlags: 0
  serializedVersion: 2
  m_Modification:
    m_TransformParent: {fileID: 7679242347400982499}
    m_Modifications:
    - target: {fileID: 3575359058509091848, guid: 081e8b35f50cfc640a0bf20aa1bfb2dd,
        type: 3}
      propertyPath: m_Name
      value: MoveToRandomPoint
      objectReference: {fileID: 0}
    - target: {fileID: 3575359058509091850, guid: 081e8b35f50cfc640a0bf20aa1bfb2dd,
        type: 3}
      propertyPath: m_RootOrder
      value: 0
      objectReference: {fileID: 0}
    - target: {fileID: 3575359058509091850, guid: 081e8b35f50cfc640a0bf20aa1bfb2dd,
        type: 3}
      propertyPath: m_LocalPosition.x
      value: 0
      objectReference: {fileID: 0}
    - target: {fileID: 3575359058509091850, guid: 081e8b35f50cfc640a0bf20aa1bfb2dd,
        type: 3}
      propertyPath: m_LocalPosition.y
      value: 0
      objectReference: {fileID: 0}
    - target: {fileID: 3575359058509091850, guid: 081e8b35f50cfc640a0bf20aa1bfb2dd,
        type: 3}
      propertyPath: m_LocalPosition.z
      value: 0
      objectReference: {fileID: 0}
    - target: {fileID: 3575359058509091850, guid: 081e8b35f50cfc640a0bf20aa1bfb2dd,
        type: 3}
      propertyPath: m_LocalRotation.w
      value: 1
      objectReference: {fileID: 0}
    - target: {fileID: 3575359058509091850, guid: 081e8b35f50cfc640a0bf20aa1bfb2dd,
        type: 3}
      propertyPath: m_LocalRotation.x
      value: 0
      objectReference: {fileID: 0}
    - target: {fileID: 3575359058509091850, guid: 081e8b35f50cfc640a0bf20aa1bfb2dd,
        type: 3}
      propertyPath: m_LocalRotation.y
      value: 0
      objectReference: {fileID: 0}
    - target: {fileID: 3575359058509091850, guid: 081e8b35f50cfc640a0bf20aa1bfb2dd,
        type: 3}
      propertyPath: m_LocalRotation.z
      value: 0
      objectReference: {fileID: 0}
    - target: {fileID: 3575359058509091850, guid: 081e8b35f50cfc640a0bf20aa1bfb2dd,
        type: 3}
      propertyPath: m_LocalEulerAnglesHint.x
      value: 0
      objectReference: {fileID: 0}
    - target: {fileID: 3575359058509091850, guid: 081e8b35f50cfc640a0bf20aa1bfb2dd,
        type: 3}
      propertyPath: m_LocalEulerAnglesHint.y
      value: 0
      objectReference: {fileID: 0}
    - target: {fileID: 3575359058509091850, guid: 081e8b35f50cfc640a0bf20aa1bfb2dd,
        type: 3}
      propertyPath: m_LocalEulerAnglesHint.z
      value: 0
      objectReference: {fileID: 0}
    m_RemovedComponents: []
  m_SourcePrefab: {fileID: 100100000, guid: 081e8b35f50cfc640a0bf20aa1bfb2dd, type: 3}
--- !u!4 &6405776385619219096 stripped
Transform:
  m_CorrespondingSourceObject: {fileID: 3575359058509091850, guid: 081e8b35f50cfc640a0bf20aa1bfb2dd,
    type: 3}
  m_PrefabInstance: {fileID: 7600908146416256658}
  m_PrefabAsset: {fileID: 0}
--- !u!1001 &8167927037719560209
PrefabInstance:
  m_ObjectHideFlags: 0
  serializedVersion: 2
  m_Modification:
    m_TransformParent: {fileID: 7679242347400982499}
    m_Modifications:
    - target: {fileID: 4273829860856369815, guid: 368f52ce666d3744f80a6719d300f33d,
        type: 3}
      propertyPath: speed
      value: 3.5
      objectReference: {fileID: 0}
    - target: {fileID: 4273829860856369815, guid: 368f52ce666d3744f80a6719d300f33d,
        type: 3}
      propertyPath: point.x
      value: 1
      objectReference: {fileID: 0}
    - target: {fileID: 4273829860856369815, guid: 368f52ce666d3744f80a6719d300f33d,
        type: 3}
      propertyPath: point.y
      value: 5
      objectReference: {fileID: 0}
    - target: {fileID: 6049893644382848053, guid: 368f52ce666d3744f80a6719d300f33d,
        type: 3}
      propertyPath: m_RootOrder
      value: 4
      objectReference: {fileID: 0}
    - target: {fileID: 6049893644382848053, guid: 368f52ce666d3744f80a6719d300f33d,
        type: 3}
      propertyPath: m_LocalPosition.x
      value: 0
      objectReference: {fileID: 0}
    - target: {fileID: 6049893644382848053, guid: 368f52ce666d3744f80a6719d300f33d,
        type: 3}
      propertyPath: m_LocalPosition.y
      value: 0
      objectReference: {fileID: 0}
    - target: {fileID: 6049893644382848053, guid: 368f52ce666d3744f80a6719d300f33d,
        type: 3}
      propertyPath: m_LocalPosition.z
      value: 0
      objectReference: {fileID: 0}
    - target: {fileID: 6049893644382848053, guid: 368f52ce666d3744f80a6719d300f33d,
        type: 3}
      propertyPath: m_LocalRotation.w
      value: 1
      objectReference: {fileID: 0}
    - target: {fileID: 6049893644382848053, guid: 368f52ce666d3744f80a6719d300f33d,
        type: 3}
      propertyPath: m_LocalRotation.x
      value: -0
      objectReference: {fileID: 0}
    - target: {fileID: 6049893644382848053, guid: 368f52ce666d3744f80a6719d300f33d,
        type: 3}
      propertyPath: m_LocalRotation.y
      value: -0
      objectReference: {fileID: 0}
    - target: {fileID: 6049893644382848053, guid: 368f52ce666d3744f80a6719d300f33d,
        type: 3}
      propertyPath: m_LocalRotation.z
      value: -0
      objectReference: {fileID: 0}
    - target: {fileID: 6049893644382848053, guid: 368f52ce666d3744f80a6719d300f33d,
        type: 3}
      propertyPath: m_LocalEulerAnglesHint.x
      value: 0
      objectReference: {fileID: 0}
    - target: {fileID: 6049893644382848053, guid: 368f52ce666d3744f80a6719d300f33d,
        type: 3}
      propertyPath: m_LocalEulerAnglesHint.y
      value: 0
      objectReference: {fileID: 0}
    - target: {fileID: 6049893644382848053, guid: 368f52ce666d3744f80a6719d300f33d,
        type: 3}
      propertyPath: m_LocalEulerAnglesHint.z
      value: 0
      objectReference: {fileID: 0}
    - target: {fileID: 8936630156823726003, guid: 368f52ce666d3744f80a6719d300f33d,
        type: 3}
      propertyPath: m_Name
      value: MoveToFixedPoint (1)
      objectReference: {fileID: 0}
    - target: {fileID: 8936630156823726003, guid: 368f52ce666d3744f80a6719d300f33d,
        type: 3}
      propertyPath: m_Layer
      value: 12
      objectReference: {fileID: 0}
    m_RemovedComponents: []
  m_SourcePrefab: {fileID: 100100000, guid: 368f52ce666d3744f80a6719d300f33d, type: 3}
--- !u!4 &2499432280993301540 stripped
Transform:
  m_CorrespondingSourceObject: {fileID: 6049893644382848053, guid: 368f52ce666d3744f80a6719d300f33d,
    type: 3}
  m_PrefabInstance: {fileID: 8167927037719560209}
  m_PrefabAsset: {fileID: 0}
