%YAML 1.1
%TAG !u! tag:unity3d.com,2011:
--- !u!1 &8876804754932882546
GameObject:
  m_ObjectHideFlags: 0
  m_CorrespondingSourceObject: {fileID: 0}
  m_PrefabInstance: {fileID: 0}
  m_PrefabAsset: {fileID: 0}
  serializedVersion: 6
  m_Component:
  - component: {fileID: 8876804754932882558}
  - component: {fileID: 8876804754932882559}
  - component: {fileID: 8876804754932882556}
  - component: {fileID: 8876804754932882557}
  - component: {fileID: 1241777490452519383}
  - component: {fileID: 3308983936210427046}
  m_Layer: 12
  m_Name: Charger
  m_TagString: Untagged
  m_Icon: {fileID: 0}
  m_NavMeshLayer: 0
  m_StaticEditorFlags: 0
  m_IsActive: 1
--- !u!4 &8876804754932882558
Transform:
  m_ObjectHideFlags: 0
  m_CorrespondingSourceObject: {fileID: 0}
  m_PrefabInstance: {fileID: 0}
  m_PrefabAsset: {fileID: 0}
  m_GameObject: {fileID: 8876804754932882546}
  m_LocalRotation: {x: 0, y: 0, z: 0, w: 1}
  m_LocalPosition: {x: 0, y: 0, z: 0}
  m_LocalScale: {x: 1, y: 1, z: 1}
  m_Children:
  - {fileID: 8505365137292178718}
  - {fileID: 6217163830038109316}
  - {fileID: 6562127541690355960}
  m_Father: {fileID: 0}
  m_RootOrder: 0
  m_LocalEulerAnglesHint: {x: 0, y: 0, z: 0}
--- !u!212 &8876804754932882559
SpriteRenderer:
  m_ObjectHideFlags: 0
  m_CorrespondingSourceObject: {fileID: 0}
  m_PrefabInstance: {fileID: 0}
  m_PrefabAsset: {fileID: 0}
  m_GameObject: {fileID: 8876804754932882546}
  m_Enabled: 1
  m_CastShadows: 0
  m_ReceiveShadows: 0
  m_DynamicOccludee: 1
  m_MotionVectors: 1
  m_LightProbeUsage: 1
  m_ReflectionProbeUsage: 1
  m_RayTracingMode: 0
  m_RenderingLayerMask: 1
  m_RendererPriority: 0
  m_Materials:
  - {fileID: 10754, guid: 0000000000000000f000000000000000, type: 0}
  m_StaticBatchInfo:
    firstSubMesh: 0
    subMeshCount: 0
  m_StaticBatchRoot: {fileID: 0}
  m_ProbeAnchor: {fileID: 0}
  m_LightProbeVolumeOverride: {fileID: 0}
  m_ScaleInLightmap: 1
  m_ReceiveGI: 1
  m_PreserveUVs: 0
  m_IgnoreNormalsForChartDetection: 0
  m_ImportantGI: 0
  m_StitchLightmapSeams: 0
  m_SelectedEditorRenderState: 0
  m_MinimumChartSize: 4
  m_AutoUVMaxDistance: 0.5
  m_AutoUVMaxAngle: 89
  m_LightmapParameters: {fileID: 0}
  m_SortingLayerID: 0
  m_SortingLayer: 0
  m_SortingOrder: 5
  m_Sprite: {fileID: -8692168403300216163, guid: ec200df1fb007704d820271ccab35133,
    type: 3}
  m_Color: {r: 1, g: 1, b: 1, a: 1}
  m_FlipX: 0
  m_FlipY: 0
  m_DrawMode: 1
  m_Size: {x: 0.34, y: 0.34}
  m_AdaptiveModeThreshold: 0.5
  m_SpriteTileMode: 0
  m_WasSpriteAssigned: 1
  m_MaskInteraction: 0
  m_SpriteSortPoint: 0
--- !u!50 &8876804754932882556
Rigidbody2D:
  serializedVersion: 4
  m_ObjectHideFlags: 0
  m_CorrespondingSourceObject: {fileID: 0}
  m_PrefabInstance: {fileID: 0}
  m_PrefabAsset: {fileID: 0}
  m_GameObject: {fileID: 8876804754932882546}
  m_BodyType: 1
  m_Simulated: 1
  m_UseFullKinematicContacts: 1
  m_UseAutoMass: 0
  m_Mass: 1
  m_LinearDrag: 0
  m_AngularDrag: 0.05
  m_GravityScale: 0
  m_Material: {fileID: 0}
  m_Interpolate: 0
  m_SleepingMode: 1
  m_CollisionDetection: 0
  m_Constraints: 4
--- !u!61 &8876804754932882557
BoxCollider2D:
  m_ObjectHideFlags: 0
  m_CorrespondingSourceObject: {fileID: 0}
  m_PrefabInstance: {fileID: 0}
  m_PrefabAsset: {fileID: 0}
  m_GameObject: {fileID: 8876804754932882546}
  m_Enabled: 1
  m_Density: 1
  m_Material: {fileID: 0}
  m_IsTrigger: 0
  m_UsedByEffector: 0
  m_UsedByComposite: 0
  m_Offset: {x: 0, y: 0}
  m_SpriteTilingProperty:
    border: {x: 0, y: 0, z: 0, w: 0}
    pivot: {x: 0.5, y: 0.5}
    oldSize: {x: 3.2, y: 3.2}
    newSize: {x: 0.34, y: 0.34}
    adaptiveTilingThreshold: 0.5
    drawMode: 1
    adaptiveTiling: 0
  m_AutoTiling: 0
  serializedVersion: 2
  m_Size: {x: 0.34, y: 0.34}
  m_EdgeRadius: 0
--- !u!114 &1241777490452519383
MonoBehaviour:
  m_ObjectHideFlags: 0
  m_CorrespondingSourceObject: {fileID: 0}
  m_PrefabInstance: {fileID: 0}
  m_PrefabAsset: {fileID: 0}
  m_GameObject: {fileID: 8876804754932882546}
  m_Enabled: 1
  m_EditorHideFlags: 0
  m_Script: {fileID: 11500000, guid: 0d07e86db764f2a4d8712c2926ea3df1, type: 3}
  m_Name: 
  m_EditorClassIdentifier: 
  ramDamage: 20
  enemyName: Rammer
  health: 5
  _moveUsageDelay: 0
  _deathParticles: {fileID: 7519207729155580828, guid: d59f708df12b5cb46bc54f7283954a03,
    type: 3}
  _damageParticles: {fileID: 4228687378355850049, guid: 55e55e1147478f3469e855320b2d2ed1,
    type: 3}
--- !u!114 &3308983936210427046
MonoBehaviour:
  m_ObjectHideFlags: 0
  m_CorrespondingSourceObject: {fileID: 0}
  m_PrefabInstance: {fileID: 0}
  m_PrefabAsset: {fileID: 0}
  m_GameObject: {fileID: 8876804754932882546}
  m_Enabled: 1
  m_EditorHideFlags: 0
  m_Script: {fileID: 11500000, guid: 84658c18eee1f134286cf0e1ddb655cf, type: 3}
  m_Name: 
  m_EditorClassIdentifier: 
  _clips:
  - {fileID: 8300000, guid: e2a4a8a8dc9cd9240aaf8db7f6dfc791, type: 3}
--- !u!1001 &112859441779164641
PrefabInstance:
  m_ObjectHideFlags: 0
  serializedVersion: 2
  m_Modification:
    m_TransformParent: {fileID: 8505365137292178718}
    m_Modifications:
    - target: {fileID: 1188720752783393489, guid: d4bbcf8ec6022314799a03dd5c740326,
        type: 3}
      propertyPath: attackDelay
      value: 0.25
      objectReference: {fileID: 0}
    - target: {fileID: 1212087235674003642, guid: d4bbcf8ec6022314799a03dd5c740326,
        type: 3}
      propertyPath: m_Name
      value: BurstShot Turret
      objectReference: {fileID: 0}
    - target: {fileID: 1212087235674003645, guid: d4bbcf8ec6022314799a03dd5c740326,
        type: 3}
      propertyPath: m_RootOrder
      value: 1
      objectReference: {fileID: 0}
    - target: {fileID: 1212087235674003645, guid: d4bbcf8ec6022314799a03dd5c740326,
        type: 3}
      propertyPath: m_LocalPosition.x
      value: 0
      objectReference: {fileID: 0}
    - target: {fileID: 1212087235674003645, guid: d4bbcf8ec6022314799a03dd5c740326,
        type: 3}
      propertyPath: m_LocalPosition.y
      value: 0
      objectReference: {fileID: 0}
    - target: {fileID: 1212087235674003645, guid: d4bbcf8ec6022314799a03dd5c740326,
        type: 3}
      propertyPath: m_LocalPosition.z
      value: 0
      objectReference: {fileID: 0}
    - target: {fileID: 1212087235674003645, guid: d4bbcf8ec6022314799a03dd5c740326,
        type: 3}
      propertyPath: m_LocalRotation.w
      value: 1
      objectReference: {fileID: 0}
    - target: {fileID: 1212087235674003645, guid: d4bbcf8ec6022314799a03dd5c740326,
        type: 3}
      propertyPath: m_LocalRotation.x
      value: 0
      objectReference: {fileID: 0}
    - target: {fileID: 1212087235674003645, guid: d4bbcf8ec6022314799a03dd5c740326,
        type: 3}
      propertyPath: m_LocalRotation.y
      value: 0
      objectReference: {fileID: 0}
    - target: {fileID: 1212087235674003645, guid: d4bbcf8ec6022314799a03dd5c740326,
        type: 3}
      propertyPath: m_LocalRotation.z
      value: 0
      objectReference: {fileID: 0}
    - target: {fileID: 1212087235674003645, guid: d4bbcf8ec6022314799a03dd5c740326,
        type: 3}
      propertyPath: m_LocalEulerAnglesHint.x
      value: 0
      objectReference: {fileID: 0}
    - target: {fileID: 1212087235674003645, guid: d4bbcf8ec6022314799a03dd5c740326,
        type: 3}
      propertyPath: m_LocalEulerAnglesHint.y
      value: 0
      objectReference: {fileID: 0}
    - target: {fileID: 1212087235674003645, guid: d4bbcf8ec6022314799a03dd5c740326,
        type: 3}
      propertyPath: m_LocalEulerAnglesHint.z
      value: 0
      objectReference: {fileID: 0}
    m_RemovedComponents: []
  m_SourcePrefab: {fileID: 100100000, guid: d4bbcf8ec6022314799a03dd5c740326, type: 3}
--- !u!1001 &682637293775784513
PrefabInstance:
  m_ObjectHideFlags: 0
  serializedVersion: 2
  m_Modification:
    m_TransformParent: {fileID: 8876804754932882558}
    m_Modifications:
    - target: {fileID: 8263573816106962184, guid: 11ecd2a5516da7843a2ddf9a4de0b8b8,
        type: 3}
      propertyPath: m_Name
      value: AsyncAcntionBinding
      objectReference: {fileID: 0}
    - target: {fileID: 9182865509077106527, guid: 11ecd2a5516da7843a2ddf9a4de0b8b8,
        type: 3}
      propertyPath: m_RootOrder
      value: 0
      objectReference: {fileID: 0}
    - target: {fileID: 9182865509077106527, guid: 11ecd2a5516da7843a2ddf9a4de0b8b8,
        type: 3}
      propertyPath: m_LocalPosition.x
      value: 0
      objectReference: {fileID: 0}
    - target: {fileID: 9182865509077106527, guid: 11ecd2a5516da7843a2ddf9a4de0b8b8,
        type: 3}
      propertyPath: m_LocalPosition.y
      value: 0
      objectReference: {fileID: 0}
    - target: {fileID: 9182865509077106527, guid: 11ecd2a5516da7843a2ddf9a4de0b8b8,
        type: 3}
      propertyPath: m_LocalPosition.z
      value: 0
      objectReference: {fileID: 0}
    - target: {fileID: 9182865509077106527, guid: 11ecd2a5516da7843a2ddf9a4de0b8b8,
        type: 3}
      propertyPath: m_LocalRotation.w
      value: 1
      objectReference: {fileID: 0}
    - target: {fileID: 9182865509077106527, guid: 11ecd2a5516da7843a2ddf9a4de0b8b8,
        type: 3}
      propertyPath: m_LocalRotation.x
      value: 0
      objectReference: {fileID: 0}
    - target: {fileID: 9182865509077106527, guid: 11ecd2a5516da7843a2ddf9a4de0b8b8,
        type: 3}
      propertyPath: m_LocalRotation.y
      value: 0
      objectReference: {fileID: 0}
    - target: {fileID: 9182865509077106527, guid: 11ecd2a5516da7843a2ddf9a4de0b8b8,
        type: 3}
      propertyPath: m_LocalRotation.z
      value: 0
      objectReference: {fileID: 0}
    - target: {fileID: 9182865509077106527, guid: 11ecd2a5516da7843a2ddf9a4de0b8b8,
        type: 3}
      propertyPath: m_LocalEulerAnglesHint.x
      value: 0
      objectReference: {fileID: 0}
    - target: {fileID: 9182865509077106527, guid: 11ecd2a5516da7843a2ddf9a4de0b8b8,
        type: 3}
      propertyPath: m_LocalEulerAnglesHint.y
      value: 0
      objectReference: {fileID: 0}
    - target: {fileID: 9182865509077106527, guid: 11ecd2a5516da7843a2ddf9a4de0b8b8,
        type: 3}
      propertyPath: m_LocalEulerAnglesHint.z
      value: 0
      objectReference: {fileID: 0}
    m_RemovedComponents: []
  m_SourcePrefab: {fileID: 100100000, guid: 11ecd2a5516da7843a2ddf9a4de0b8b8, type: 3}
--- !u!4 &8505365137292178718 stripped
Transform:
  m_CorrespondingSourceObject: {fileID: 9182865509077106527, guid: 11ecd2a5516da7843a2ddf9a4de0b8b8,
    type: 3}
  m_PrefabInstance: {fileID: 682637293775784513}
  m_PrefabAsset: {fileID: 0}
--- !u!1001 &5687127727527780635
PrefabInstance:
  m_ObjectHideFlags: 0
  serializedVersion: 2
  m_Modification:
    m_TransformParent: {fileID: 8876804754932882558}
    m_Modifications:
    - target: {fileID: 1584669699328946659, guid: 3abef09b5290ff349a3777156f947a0c,
        type: 3}
      propertyPath: m_RootOrder
      value: 2
      objectReference: {fileID: 0}
    - target: {fileID: 1584669699328946659, guid: 3abef09b5290ff349a3777156f947a0c,
        type: 3}
      propertyPath: m_LocalPosition.x
      value: 0
      objectReference: {fileID: 0}
    - target: {fileID: 1584669699328946659, guid: 3abef09b5290ff349a3777156f947a0c,
        type: 3}
      propertyPath: m_LocalPosition.y
      value: 0
      objectReference: {fileID: 0}
    - target: {fileID: 1584669699328946659, guid: 3abef09b5290ff349a3777156f947a0c,
        type: 3}
      propertyPath: m_LocalPosition.z
      value: 0
      objectReference: {fileID: 0}
    - target: {fileID: 1584669699328946659, guid: 3abef09b5290ff349a3777156f947a0c,
        type: 3}
      propertyPath: m_LocalRotation.w
      value: 1
      objectReference: {fileID: 0}
    - target: {fileID: 1584669699328946659, guid: 3abef09b5290ff349a3777156f947a0c,
        type: 3}
      propertyPath: m_LocalRotation.x
      value: -0
      objectReference: {fileID: 0}
    - target: {fileID: 1584669699328946659, guid: 3abef09b5290ff349a3777156f947a0c,
        type: 3}
      propertyPath: m_LocalRotation.y
      value: -0
      objectReference: {fileID: 0}
    - target: {fileID: 1584669699328946659, guid: 3abef09b5290ff349a3777156f947a0c,
        type: 3}
      propertyPath: m_LocalRotation.z
      value: -0
      objectReference: {fileID: 0}
    - target: {fileID: 1584669699328946659, guid: 3abef09b5290ff349a3777156f947a0c,
        type: 3}
      propertyPath: m_LocalEulerAnglesHint.x
      value: 0
      objectReference: {fileID: 0}
    - target: {fileID: 1584669699328946659, guid: 3abef09b5290ff349a3777156f947a0c,
        type: 3}
      propertyPath: m_LocalEulerAnglesHint.y
      value: 0
      objectReference: {fileID: 0}
    - target: {fileID: 1584669699328946659, guid: 3abef09b5290ff349a3777156f947a0c,
        type: 3}
      propertyPath: m_LocalEulerAnglesHint.z
      value: 0
      objectReference: {fileID: 0}
    - target: {fileID: 3024860382555488611, guid: 3abef09b5290ff349a3777156f947a0c,
        type: 3}
      propertyPath: m_Name
      value: ChargeToPlayer
      objectReference: {fileID: 0}
    - target: {fileID: 6843524334428084750, guid: 3abef09b5290ff349a3777156f947a0c,
        type: 3}
      propertyPath: speed
      value: 7
      objectReference: {fileID: 0}
    m_RemovedComponents: []
  m_SourcePrefab: {fileID: 100100000, guid: 3abef09b5290ff349a3777156f947a0c, type: 3}
--- !u!4 &6562127541690355960 stripped
Transform:
  m_CorrespondingSourceObject: {fileID: 1584669699328946659, guid: 3abef09b5290ff349a3777156f947a0c,
    type: 3}
  m_PrefabInstance: {fileID: 5687127727527780635}
  m_PrefabAsset: {fileID: 0}
--- !u!1001 &7250965434626804501
PrefabInstance:
  m_ObjectHideFlags: 0
  serializedVersion: 2
  m_Modification:
    m_TransformParent: {fileID: 8505365137292178718}
    m_Modifications:
    - target: {fileID: 4273829860856369815, guid: 368f52ce666d3744f80a6719d300f33d,
        type: 3}
      propertyPath: speed
      value: 5
      objectReference: {fileID: 0}
    - target: {fileID: 4273829860856369815, guid: 368f52ce666d3744f80a6719d300f33d,
        type: 3}
      propertyPath: point.y
      value: 1.5
      objectReference: {fileID: 0}
    - target: {fileID: 6049893644382848053, guid: 368f52ce666d3744f80a6719d300f33d,
        type: 3}
      propertyPath: m_RootOrder
      value: 0
      objectReference: {fileID: 0}
    - target: {fileID: 6049893644382848053, guid: 368f52ce666d3744f80a6719d300f33d,
        type: 3}
      propertyPath: m_LocalPosition.x
      value: 0
      objectReference: {fileID: 0}
    - target: {fileID: 6049893644382848053, guid: 368f52ce666d3744f80a6719d300f33d,
        type: 3}
      propertyPath: m_LocalPosition.y
      value: 0
      objectReference: {fileID: 0}
    - target: {fileID: 6049893644382848053, guid: 368f52ce666d3744f80a6719d300f33d,
        type: 3}
      propertyPath: m_LocalPosition.z
      value: 0
      objectReference: {fileID: 0}
    - target: {fileID: 6049893644382848053, guid: 368f52ce666d3744f80a6719d300f33d,
        type: 3}
      propertyPath: m_LocalRotation.w
      value: 1
      objectReference: {fileID: 0}
    - target: {fileID: 6049893644382848053, guid: 368f52ce666d3744f80a6719d300f33d,
        type: 3}
      propertyPath: m_LocalRotation.x
      value: 0
      objectReference: {fileID: 0}
    - target: {fileID: 6049893644382848053, guid: 368f52ce666d3744f80a6719d300f33d,
        type: 3}
      propertyPath: m_LocalRotation.y
      value: 0
      objectReference: {fileID: 0}
    - target: {fileID: 6049893644382848053, guid: 368f52ce666d3744f80a6719d300f33d,
        type: 3}
      propertyPath: m_LocalRotation.z
      value: 0
      objectReference: {fileID: 0}
    - target: {fileID: 6049893644382848053, guid: 368f52ce666d3744f80a6719d300f33d,
        type: 3}
      propertyPath: m_LocalEulerAnglesHint.x
      value: 0
      objectReference: {fileID: 0}
    - target: {fileID: 6049893644382848053, guid: 368f52ce666d3744f80a6719d300f33d,
        type: 3}
      propertyPath: m_LocalEulerAnglesHint.y
      value: 0
      objectReference: {fileID: 0}
    - target: {fileID: 6049893644382848053, guid: 368f52ce666d3744f80a6719d300f33d,
        type: 3}
      propertyPath: m_LocalEulerAnglesHint.z
      value: 0
      objectReference: {fileID: 0}
    - target: {fileID: 8936630156823726003, guid: 368f52ce666d3744f80a6719d300f33d,
        type: 3}
      propertyPath: m_Name
      value: MoveToFixedPoint
      objectReference: {fileID: 0}
    m_RemovedComponents: []
  m_SourcePrefab: {fileID: 100100000, guid: 368f52ce666d3744f80a6719d300f33d, type: 3}
--- !u!1001 &8301919202985297295
PrefabInstance:
  m_ObjectHideFlags: 0
  serializedVersion: 2
  m_Modification:
    m_TransformParent: {fileID: 8876804754932882558}
    m_Modifications:
    - target: {fileID: 2698107078168992010, guid: 9affe940833ed0443b0aa021478dc419,
        type: 3}
      propertyPath: m_Name
      value: AimAtPlayer
      objectReference: {fileID: 0}
    - target: {fileID: 2698107078168992011, guid: 9affe940833ed0443b0aa021478dc419,
        type: 3}
      propertyPath: m_RootOrder
      value: 1
      objectReference: {fileID: 0}
    - target: {fileID: 2698107078168992011, guid: 9affe940833ed0443b0aa021478dc419,
        type: 3}
      propertyPath: m_LocalPosition.x
      value: 0
      objectReference: {fileID: 0}
    - target: {fileID: 2698107078168992011, guid: 9affe940833ed0443b0aa021478dc419,
        type: 3}
      propertyPath: m_LocalPosition.y
      value: 0
      objectReference: {fileID: 0}
    - target: {fileID: 2698107078168992011, guid: 9affe940833ed0443b0aa021478dc419,
        type: 3}
      propertyPath: m_LocalPosition.z
      value: 0
      objectReference: {fileID: 0}
    - target: {fileID: 2698107078168992011, guid: 9affe940833ed0443b0aa021478dc419,
        type: 3}
      propertyPath: m_LocalRotation.w
      value: 1
      objectReference: {fileID: 0}
    - target: {fileID: 2698107078168992011, guid: 9affe940833ed0443b0aa021478dc419,
        type: 3}
      propertyPath: m_LocalRotation.x
      value: 0
      objectReference: {fileID: 0}
    - target: {fileID: 2698107078168992011, guid: 9affe940833ed0443b0aa021478dc419,
        type: 3}
      propertyPath: m_LocalRotation.y
      value: 0
      objectReference: {fileID: 0}
    - target: {fileID: 2698107078168992011, guid: 9affe940833ed0443b0aa021478dc419,
        type: 3}
      propertyPath: m_LocalRotation.z
      value: 0
      objectReference: {fileID: 0}
    - target: {fileID: 2698107078168992011, guid: 9affe940833ed0443b0aa021478dc419,
        type: 3}
      propertyPath: m_LocalEulerAnglesHint.x
      value: 0
      objectReference: {fileID: 0}
    - target: {fileID: 2698107078168992011, guid: 9affe940833ed0443b0aa021478dc419,
        type: 3}
      propertyPath: m_LocalEulerAnglesHint.y
      value: 0
      objectReference: {fileID: 0}
    - target: {fileID: 2698107078168992011, guid: 9affe940833ed0443b0aa021478dc419,
        type: 3}
      propertyPath: m_LocalEulerAnglesHint.z
      value: 0
      objectReference: {fileID: 0}
    m_RemovedComponents: []
  m_SourcePrefab: {fileID: 100100000, guid: 9affe940833ed0443b0aa021478dc419, type: 3}
--- !u!4 &6217163830038109316 stripped
Transform:
  m_CorrespondingSourceObject: {fileID: 2698107078168992011, guid: 9affe940833ed0443b0aa021478dc419,
    type: 3}
  m_PrefabInstance: {fileID: 8301919202985297295}
  m_PrefabAsset: {fileID: 0}
