%YAML 1.1
%TAG !u! tag:unity3d.com,2011:
--- !u!1 &712180093544054400
GameObject:
  m_ObjectHideFlags: 0
  m_CorrespondingSourceObject: {fileID: 0}
  m_PrefabInstance: {fileID: 0}
  m_PrefabAsset: {fileID: 0}
  serializedVersion: 6
  m_Component:
  - component: {fileID: 712180093544054404}
  - component: {fileID: 712180093544054403}
  - component: {fileID: 712180093544054402}
  - component: {fileID: 712180093544054401}
  - component: {fileID: 750341856841111493}
  - component: {fileID: -3260476012568894976}
  m_Layer: 12
  m_Name: Dalbaeb
  m_TagString: Untagged
  m_Icon: {fileID: 0}
  m_NavMeshLayer: 0
  m_StaticEditorFlags: 0
  m_IsActive: 1
--- !u!4 &712180093544054404
Transform:
  m_ObjectHideFlags: 0
  m_CorrespondingSourceObject: {fileID: 0}
  m_PrefabInstance: {fileID: 0}
  m_PrefabAsset: {fileID: 0}
  m_GameObject: {fileID: 712180093544054400}
  m_LocalRotation: {x: 0, y: 0, z: 0, w: 1}
  m_LocalPosition: {x: 0, y: 0, z: 0}
  m_LocalScale: {x: 1, y: 1, z: 1}
  m_Children:
  - {fileID: 4012397754903331859}
  - {fileID: 1591555649549101008}
  - {fileID: 1339920910980598144}
  - {fileID: 142996081083902871}
  m_Father: {fileID: 0}
  m_RootOrder: 0
  m_LocalEulerAnglesHint: {x: 0, y: 0, z: 0}
--- !u!114 &712180093544054403
MonoBehaviour:
  m_ObjectHideFlags: 0
  m_CorrespondingSourceObject: {fileID: 0}
  m_PrefabInstance: {fileID: 0}
  m_PrefabAsset: {fileID: 0}
  m_GameObject: {fileID: 712180093544054400}
  m_Enabled: 1
  m_EditorHideFlags: 0
  m_Script: {fileID: 11500000, guid: 0d07e86db764f2a4d8712c2926ea3df1, type: 3}
  m_Name: 
  m_EditorClassIdentifier: 
  ramDamage: 10
  enemyName: Spinner
  health: 20
  _moveUsageDelay: 0
  _deathParticles: {fileID: 7519207729155580828, guid: d59f708df12b5cb46bc54f7283954a03,
    type: 3}
  _damageParticles: {fileID: 4228687378355850049, guid: 55e55e1147478f3469e855320b2d2ed1,
    type: 3}
--- !u!58 &712180093544054402
CircleCollider2D:
  m_ObjectHideFlags: 0
  m_CorrespondingSourceObject: {fileID: 0}
  m_PrefabInstance: {fileID: 0}
  m_PrefabAsset: {fileID: 0}
  m_GameObject: {fileID: 712180093544054400}
  m_Enabled: 1
  m_Density: 1
  m_Material: {fileID: 0}
  m_IsTrigger: 0
  m_UsedByEffector: 0
  m_UsedByComposite: 0
  m_Offset: {x: 0, y: 0}
  serializedVersion: 2
  m_Radius: 0.15
--- !u!212 &712180093544054401
SpriteRenderer:
  m_ObjectHideFlags: 0
  m_CorrespondingSourceObject: {fileID: 0}
  m_PrefabInstance: {fileID: 0}
  m_PrefabAsset: {fileID: 0}
  m_GameObject: {fileID: 712180093544054400}
  m_Enabled: 1
  m_CastShadows: 0
  m_ReceiveShadows: 0
  m_DynamicOccludee: 1
  m_MotionVectors: 1
  m_LightProbeUsage: 1
  m_ReflectionProbeUsage: 1
  m_RayTracingMode: 0
  m_RenderingLayerMask: 1
  m_RendererPriority: 0
  m_Materials:
  - {fileID: 10754, guid: 0000000000000000f000000000000000, type: 0}
  m_StaticBatchInfo:
    firstSubMesh: 0
    subMeshCount: 0
  m_StaticBatchRoot: {fileID: 0}
  m_ProbeAnchor: {fileID: 0}
  m_LightProbeVolumeOverride: {fileID: 0}
  m_ScaleInLightmap: 1
  m_ReceiveGI: 1
  m_PreserveUVs: 0
  m_IgnoreNormalsForChartDetection: 0
  m_ImportantGI: 0
  m_StitchLightmapSeams: 1
  m_SelectedEditorRenderState: 0
  m_MinimumChartSize: 4
  m_AutoUVMaxDistance: 0.5
  m_AutoUVMaxAngle: 89
  m_LightmapParameters: {fileID: 0}
  m_SortingLayerID: 0
  m_SortingLayer: 0
  m_SortingOrder: 5
  m_Sprite: {fileID: 21300000, guid: cf5744edd22ea7d409563d45cef1962b, type: 3}
  m_Color: {r: 1, g: 0, b: 0.87002325, a: 1}
  m_FlipX: 0
  m_FlipY: 0
  m_DrawMode: 1
  m_Size: {x: 0.4, y: 0.4}
  m_AdaptiveModeThreshold: 0.5
  m_SpriteTileMode: 0
  m_WasSpriteAssigned: 1
  m_MaskInteraction: 0
  m_SpriteSortPoint: 0
--- !u!50 &750341856841111493
Rigidbody2D:
  serializedVersion: 4
  m_ObjectHideFlags: 0
  m_CorrespondingSourceObject: {fileID: 0}
  m_PrefabInstance: {fileID: 0}
  m_PrefabAsset: {fileID: 0}
  m_GameObject: {fileID: 712180093544054400}
  m_BodyType: 1
  m_Simulated: 1
  m_UseFullKinematicContacts: 1
  m_UseAutoMass: 0
  m_Mass: 1
  m_LinearDrag: 0
  m_AngularDrag: 0.05
  m_GravityScale: 1
  m_Material: {fileID: 0}
  m_Interpolate: 0
  m_SleepingMode: 1
  m_CollisionDetection: 0
  m_Constraints: 0
--- !u!114 &-3260476012568894976
MonoBehaviour:
  m_ObjectHideFlags: 0
  m_CorrespondingSourceObject: {fileID: 0}
  m_PrefabInstance: {fileID: 0}
  m_PrefabAsset: {fileID: 0}
  m_GameObject: {fileID: 712180093544054400}
  m_Enabled: 1
  m_EditorHideFlags: 0
  m_Script: {fileID: 11500000, guid: 84658c18eee1f134286cf0e1ddb655cf, type: 3}
  m_Name: 
  m_EditorClassIdentifier: 
  _clips:
  - {fileID: 8300000, guid: e2a4a8a8dc9cd9240aaf8db7f6dfc791, type: 3}
--- !u!1001 &446098673294528537
PrefabInstance:
  m_ObjectHideFlags: 0
  serializedVersion: 2
  m_Modification:
    m_TransformParent: {fileID: 712180093544054404}
    m_Modifications:
    - target: {fileID: 3575359058509091848, guid: 081e8b35f50cfc640a0bf20aa1bfb2dd,
        type: 3}
      propertyPath: m_Name
      value: MoveToRandomPoint (1)
      objectReference: {fileID: 0}
    - target: {fileID: 3575359058509091849, guid: 081e8b35f50cfc640a0bf20aa1bfb2dd,
        type: 3}
      propertyPath: speed
      value: 1
      objectReference: {fileID: 0}
    - target: {fileID: 3575359058509091850, guid: 081e8b35f50cfc640a0bf20aa1bfb2dd,
        type: 3}
      propertyPath: m_RootOrder
      value: 0
      objectReference: {fileID: 0}
    - target: {fileID: 3575359058509091850, guid: 081e8b35f50cfc640a0bf20aa1bfb2dd,
        type: 3}
      propertyPath: m_LocalPosition.x
      value: 0
      objectReference: {fileID: 0}
    - target: {fileID: 3575359058509091850, guid: 081e8b35f50cfc640a0bf20aa1bfb2dd,
        type: 3}
      propertyPath: m_LocalPosition.y
      value: 0
      objectReference: {fileID: 0}
    - target: {fileID: 3575359058509091850, guid: 081e8b35f50cfc640a0bf20aa1bfb2dd,
        type: 3}
      propertyPath: m_LocalPosition.z
      value: 0
      objectReference: {fileID: 0}
    - target: {fileID: 3575359058509091850, guid: 081e8b35f50cfc640a0bf20aa1bfb2dd,
        type: 3}
      propertyPath: m_LocalRotation.w
      value: -1
      objectReference: {fileID: 0}
    - target: {fileID: 3575359058509091850, guid: 081e8b35f50cfc640a0bf20aa1bfb2dd,
        type: 3}
      propertyPath: m_LocalRotation.x
      value: -0
      objectReference: {fileID: 0}
    - target: {fileID: 3575359058509091850, guid: 081e8b35f50cfc640a0bf20aa1bfb2dd,
        type: 3}
      propertyPath: m_LocalRotation.y
      value: -0
      objectReference: {fileID: 0}
    - target: {fileID: 3575359058509091850, guid: 081e8b35f50cfc640a0bf20aa1bfb2dd,
        type: 3}
      propertyPath: m_LocalRotation.z
      value: -0
      objectReference: {fileID: 0}
    - target: {fileID: 3575359058509091850, guid: 081e8b35f50cfc640a0bf20aa1bfb2dd,
        type: 3}
      propertyPath: m_LocalEulerAnglesHint.x
      value: 0
      objectReference: {fileID: 0}
    - target: {fileID: 3575359058509091850, guid: 081e8b35f50cfc640a0bf20aa1bfb2dd,
        type: 3}
      propertyPath: m_LocalEulerAnglesHint.y
      value: 0
      objectReference: {fileID: 0}
    - target: {fileID: 3575359058509091850, guid: 081e8b35f50cfc640a0bf20aa1bfb2dd,
        type: 3}
      propertyPath: m_LocalEulerAnglesHint.z
      value: 0
      objectReference: {fileID: 0}
    m_RemovedComponents: []
  m_SourcePrefab: {fileID: 100100000, guid: 081e8b35f50cfc640a0bf20aa1bfb2dd, type: 3}
--- !u!4 &4012397754903331859 stripped
Transform:
  m_CorrespondingSourceObject: {fileID: 3575359058509091850, guid: 081e8b35f50cfc640a0bf20aa1bfb2dd,
    type: 3}
  m_PrefabInstance: {fileID: 446098673294528537}
  m_PrefabAsset: {fileID: 0}
--- !u!1001 &1592341378195702057
PrefabInstance:
  m_ObjectHideFlags: 0
  serializedVersion: 2
  m_Modification:
    m_TransformParent: {fileID: 4121392287742489785}
    m_Modifications:
    - target: {fileID: 3575359058509091848, guid: 081e8b35f50cfc640a0bf20aa1bfb2dd,
        type: 3}
      propertyPath: m_Name
      value: MoveToRandomPoint
      objectReference: {fileID: 0}
    - target: {fileID: 3575359058509091849, guid: 081e8b35f50cfc640a0bf20aa1bfb2dd,
        type: 3}
      propertyPath: speed
      value: 1
      objectReference: {fileID: 0}
    - target: {fileID: 3575359058509091850, guid: 081e8b35f50cfc640a0bf20aa1bfb2dd,
        type: 3}
      propertyPath: m_RootOrder
      value: 0
      objectReference: {fileID: 0}
    - target: {fileID: 3575359058509091850, guid: 081e8b35f50cfc640a0bf20aa1bfb2dd,
        type: 3}
      propertyPath: m_LocalPosition.x
      value: 0
      objectReference: {fileID: 0}
    - target: {fileID: 3575359058509091850, guid: 081e8b35f50cfc640a0bf20aa1bfb2dd,
        type: 3}
      propertyPath: m_LocalPosition.y
      value: 0
      objectReference: {fileID: 0}
    - target: {fileID: 3575359058509091850, guid: 081e8b35f50cfc640a0bf20aa1bfb2dd,
        type: 3}
      propertyPath: m_LocalPosition.z
      value: 0
      objectReference: {fileID: 0}
    - target: {fileID: 3575359058509091850, guid: 081e8b35f50cfc640a0bf20aa1bfb2dd,
        type: 3}
      propertyPath: m_LocalRotation.w
      value: 1
      objectReference: {fileID: 0}
    - target: {fileID: 3575359058509091850, guid: 081e8b35f50cfc640a0bf20aa1bfb2dd,
        type: 3}
      propertyPath: m_LocalRotation.x
      value: -0
      objectReference: {fileID: 0}
    - target: {fileID: 3575359058509091850, guid: 081e8b35f50cfc640a0bf20aa1bfb2dd,
        type: 3}
      propertyPath: m_LocalRotation.y
      value: -0
      objectReference: {fileID: 0}
    - target: {fileID: 3575359058509091850, guid: 081e8b35f50cfc640a0bf20aa1bfb2dd,
        type: 3}
      propertyPath: m_LocalRotation.z
      value: -0
      objectReference: {fileID: 0}
    - target: {fileID: 3575359058509091850, guid: 081e8b35f50cfc640a0bf20aa1bfb2dd,
        type: 3}
      propertyPath: m_LocalEulerAnglesHint.x
      value: 0
      objectReference: {fileID: 0}
    - target: {fileID: 3575359058509091850, guid: 081e8b35f50cfc640a0bf20aa1bfb2dd,
        type: 3}
      propertyPath: m_LocalEulerAnglesHint.y
      value: 0
      objectReference: {fileID: 0}
    - target: {fileID: 3575359058509091850, guid: 081e8b35f50cfc640a0bf20aa1bfb2dd,
        type: 3}
      propertyPath: m_LocalEulerAnglesHint.z
      value: 0
      objectReference: {fileID: 0}
    m_RemovedComponents: []
  m_SourcePrefab: {fileID: 100100000, guid: 081e8b35f50cfc640a0bf20aa1bfb2dd, type: 3}
--- !u!1001 &2523811185450884490
PrefabInstance:
  m_ObjectHideFlags: 0
  serializedVersion: 2
  m_Modification:
    m_TransformParent: {fileID: 712180093544054404}
    m_Modifications:
    - target: {fileID: 3575359058509091848, guid: 081e8b35f50cfc640a0bf20aa1bfb2dd,
        type: 3}
      propertyPath: m_Name
      value: MoveToRandomPoint (2)
      objectReference: {fileID: 0}
    - target: {fileID: 3575359058509091849, guid: 081e8b35f50cfc640a0bf20aa1bfb2dd,
        type: 3}
      propertyPath: speed
      value: 4
      objectReference: {fileID: 0}
    - target: {fileID: 3575359058509091849, guid: 081e8b35f50cfc640a0bf20aa1bfb2dd,
        type: 3}
      propertyPath: distanceFromBottom
      value: 6
      objectReference: {fileID: 0}
    - target: {fileID: 3575359058509091850, guid: 081e8b35f50cfc640a0bf20aa1bfb2dd,
        type: 3}
      propertyPath: m_RootOrder
      value: 2
      objectReference: {fileID: 0}
    - target: {fileID: 3575359058509091850, guid: 081e8b35f50cfc640a0bf20aa1bfb2dd,
        type: 3}
      propertyPath: m_LocalPosition.x
      value: 0
      objectReference: {fileID: 0}
    - target: {fileID: 3575359058509091850, guid: 081e8b35f50cfc640a0bf20aa1bfb2dd,
        type: 3}
      propertyPath: m_LocalPosition.y
      value: 0
      objectReference: {fileID: 0}
    - target: {fileID: 3575359058509091850, guid: 081e8b35f50cfc640a0bf20aa1bfb2dd,
        type: 3}
      propertyPath: m_LocalPosition.z
      value: 0
      objectReference: {fileID: 0}
    - target: {fileID: 3575359058509091850, guid: 081e8b35f50cfc640a0bf20aa1bfb2dd,
        type: 3}
      propertyPath: m_LocalRotation.w
      value: -1
      objectReference: {fileID: 0}
    - target: {fileID: 3575359058509091850, guid: 081e8b35f50cfc640a0bf20aa1bfb2dd,
        type: 3}
      propertyPath: m_LocalRotation.x
      value: -0
      objectReference: {fileID: 0}
    - target: {fileID: 3575359058509091850, guid: 081e8b35f50cfc640a0bf20aa1bfb2dd,
        type: 3}
      propertyPath: m_LocalRotation.y
      value: -0
      objectReference: {fileID: 0}
    - target: {fileID: 3575359058509091850, guid: 081e8b35f50cfc640a0bf20aa1bfb2dd,
        type: 3}
      propertyPath: m_LocalRotation.z
      value: -0
      objectReference: {fileID: 0}
    - target: {fileID: 3575359058509091850, guid: 081e8b35f50cfc640a0bf20aa1bfb2dd,
        type: 3}
      propertyPath: m_LocalEulerAnglesHint.x
      value: 0
      objectReference: {fileID: 0}
    - target: {fileID: 3575359058509091850, guid: 081e8b35f50cfc640a0bf20aa1bfb2dd,
        type: 3}
      propertyPath: m_LocalEulerAnglesHint.y
      value: 0
      objectReference: {fileID: 0}
    - target: {fileID: 3575359058509091850, guid: 081e8b35f50cfc640a0bf20aa1bfb2dd,
        type: 3}
      propertyPath: m_LocalEulerAnglesHint.z
      value: 0
      objectReference: {fileID: 0}
    m_RemovedComponents: []
  m_SourcePrefab: {fileID: 100100000, guid: 081e8b35f50cfc640a0bf20aa1bfb2dd, type: 3}
--- !u!4 &1339920910980598144 stripped
Transform:
  m_CorrespondingSourceObject: {fileID: 3575359058509091850, guid: 081e8b35f50cfc640a0bf20aa1bfb2dd,
    type: 3}
  m_PrefabInstance: {fileID: 2523811185450884490}
  m_PrefabAsset: {fileID: 0}
--- !u!1001 &2864199914897293212
PrefabInstance:
  m_ObjectHideFlags: 0
  serializedVersion: 2
  m_Modification:
    m_TransformParent: {fileID: 712180093544054404}
    m_Modifications:
    - target: {fileID: 2757232699561169931, guid: b4808ae468d61c444ae0875d43eb82f3,
        type: 3}
      propertyPath: m_RootOrder
      value: 3
      objectReference: {fileID: 0}
    - target: {fileID: 2757232699561169931, guid: b4808ae468d61c444ae0875d43eb82f3,
        type: 3}
      propertyPath: m_LocalPosition.x
      value: 0
      objectReference: {fileID: 0}
    - target: {fileID: 2757232699561169931, guid: b4808ae468d61c444ae0875d43eb82f3,
        type: 3}
      propertyPath: m_LocalPosition.y
      value: 0
      objectReference: {fileID: 0}
    - target: {fileID: 2757232699561169931, guid: b4808ae468d61c444ae0875d43eb82f3,
        type: 3}
      propertyPath: m_LocalPosition.z
      value: 0
      objectReference: {fileID: 0}
    - target: {fileID: 2757232699561169931, guid: b4808ae468d61c444ae0875d43eb82f3,
        type: 3}
      propertyPath: m_LocalRotation.w
      value: 1
      objectReference: {fileID: 0}
    - target: {fileID: 2757232699561169931, guid: b4808ae468d61c444ae0875d43eb82f3,
        type: 3}
      propertyPath: m_LocalRotation.x
      value: 0
      objectReference: {fileID: 0}
    - target: {fileID: 2757232699561169931, guid: b4808ae468d61c444ae0875d43eb82f3,
        type: 3}
      propertyPath: m_LocalRotation.y
      value: 0
      objectReference: {fileID: 0}
    - target: {fileID: 2757232699561169931, guid: b4808ae468d61c444ae0875d43eb82f3,
        type: 3}
      propertyPath: m_LocalRotation.z
      value: 0
      objectReference: {fileID: 0}
    - target: {fileID: 2757232699561169931, guid: b4808ae468d61c444ae0875d43eb82f3,
        type: 3}
      propertyPath: m_LocalEulerAnglesHint.x
      value: 0
      objectReference: {fileID: 0}
    - target: {fileID: 2757232699561169931, guid: b4808ae468d61c444ae0875d43eb82f3,
        type: 3}
      propertyPath: m_LocalEulerAnglesHint.y
      value: 0
      objectReference: {fileID: 0}
    - target: {fileID: 2757232699561169931, guid: b4808ae468d61c444ae0875d43eb82f3,
        type: 3}
      propertyPath: m_LocalEulerAnglesHint.z
      value: 0
      objectReference: {fileID: 0}
    - target: {fileID: 3058385153653944148, guid: b4808ae468d61c444ae0875d43eb82f3,
        type: 3}
      propertyPath: m_Name
      value: Desolate
      objectReference: {fileID: 0}
    m_RemovedComponents: []
  m_SourcePrefab: {fileID: 100100000, guid: b4808ae468d61c444ae0875d43eb82f3, type: 3}
--- !u!4 &142996081083902871 stripped
Transform:
  m_CorrespondingSourceObject: {fileID: 2757232699561169931, guid: b4808ae468d61c444ae0875d43eb82f3,
    type: 3}
  m_PrefabInstance: {fileID: 2864199914897293212}
  m_PrefabAsset: {fileID: 0}
--- !u!1001 &5877128394315052781
PrefabInstance:
  m_ObjectHideFlags: 0
  serializedVersion: 2
  m_Modification:
    m_TransformParent: {fileID: 1591555649549101008}
    m_Modifications:
    - target: {fileID: 3495597142066184246, guid: 1d30f547db6cfdb408529a5b123776f4,
        type: 3}
      propertyPath: m_Name
      value: SyncActionBinding
      objectReference: {fileID: 0}
    - target: {fileID: 7547436292719395412, guid: 1d30f547db6cfdb408529a5b123776f4,
        type: 3}
      propertyPath: m_RootOrder
      value: 1
      objectReference: {fileID: 0}
    - target: {fileID: 7547436292719395412, guid: 1d30f547db6cfdb408529a5b123776f4,
        type: 3}
      propertyPath: m_LocalPosition.x
      value: 0
      objectReference: {fileID: 0}
    - target: {fileID: 7547436292719395412, guid: 1d30f547db6cfdb408529a5b123776f4,
        type: 3}
      propertyPath: m_LocalPosition.y
      value: 0
      objectReference: {fileID: 0}
    - target: {fileID: 7547436292719395412, guid: 1d30f547db6cfdb408529a5b123776f4,
        type: 3}
      propertyPath: m_LocalPosition.z
      value: 0
      objectReference: {fileID: 0}
    - target: {fileID: 7547436292719395412, guid: 1d30f547db6cfdb408529a5b123776f4,
        type: 3}
      propertyPath: m_LocalRotation.w
      value: 0
      objectReference: {fileID: 0}
    - target: {fileID: 7547436292719395412, guid: 1d30f547db6cfdb408529a5b123776f4,
        type: 3}
      propertyPath: m_LocalRotation.x
      value: -0
      objectReference: {fileID: 0}
    - target: {fileID: 7547436292719395412, guid: 1d30f547db6cfdb408529a5b123776f4,
        type: 3}
      propertyPath: m_LocalRotation.y
      value: -0
      objectReference: {fileID: 0}
    - target: {fileID: 7547436292719395412, guid: 1d30f547db6cfdb408529a5b123776f4,
        type: 3}
      propertyPath: m_LocalRotation.z
      value: -1
      objectReference: {fileID: 0}
    - target: {fileID: 7547436292719395412, guid: 1d30f547db6cfdb408529a5b123776f4,
        type: 3}
      propertyPath: m_LocalEulerAnglesHint.x
      value: 0
      objectReference: {fileID: 0}
    - target: {fileID: 7547436292719395412, guid: 1d30f547db6cfdb408529a5b123776f4,
        type: 3}
      propertyPath: m_LocalEulerAnglesHint.y
      value: 0
      objectReference: {fileID: 0}
    - target: {fileID: 7547436292719395412, guid: 1d30f547db6cfdb408529a5b123776f4,
        type: 3}
      propertyPath: m_LocalEulerAnglesHint.z
      value: 0
      objectReference: {fileID: 0}
    m_RemovedComponents: []
  m_SourcePrefab: {fileID: 100100000, guid: 1d30f547db6cfdb408529a5b123776f4, type: 3}
--- !u!4 &4121392287742489785 stripped
Transform:
  m_CorrespondingSourceObject: {fileID: 7547436292719395412, guid: 1d30f547db6cfdb408529a5b123776f4,
    type: 3}
  m_PrefabInstance: {fileID: 5877128394315052781}
  m_PrefabAsset: {fileID: 0}
--- !u!1001 &6811411006668744343
PrefabInstance:
  m_ObjectHideFlags: 0
  serializedVersion: 2
  m_Modification:
    m_TransformParent: {fileID: 4121392287742489785}
    m_Modifications:
    - target: {fileID: 3575359058509091848, guid: 081e8b35f50cfc640a0bf20aa1bfb2dd,
        type: 3}
      propertyPath: m_Name
      value: MoveToRandomPoint
      objectReference: {fileID: 0}
    - target: {fileID: 3575359058509091849, guid: 081e8b35f50cfc640a0bf20aa1bfb2dd,
        type: 3}
      propertyPath: speed
      value: 1
      objectReference: {fileID: 0}
    - target: {fileID: 3575359058509091850, guid: 081e8b35f50cfc640a0bf20aa1bfb2dd,
        type: 3}
      propertyPath: m_RootOrder
      value: 2
      objectReference: {fileID: 0}
    - target: {fileID: 3575359058509091850, guid: 081e8b35f50cfc640a0bf20aa1bfb2dd,
        type: 3}
      propertyPath: m_LocalPosition.x
      value: 0
      objectReference: {fileID: 0}
    - target: {fileID: 3575359058509091850, guid: 081e8b35f50cfc640a0bf20aa1bfb2dd,
        type: 3}
      propertyPath: m_LocalPosition.y
      value: 0
      objectReference: {fileID: 0}
    - target: {fileID: 3575359058509091850, guid: 081e8b35f50cfc640a0bf20aa1bfb2dd,
        type: 3}
      propertyPath: m_LocalPosition.z
      value: 0
      objectReference: {fileID: 0}
    - target: {fileID: 3575359058509091850, guid: 081e8b35f50cfc640a0bf20aa1bfb2dd,
        type: 3}
      propertyPath: m_LocalRotation.w
      value: 1
      objectReference: {fileID: 0}
    - target: {fileID: 3575359058509091850, guid: 081e8b35f50cfc640a0bf20aa1bfb2dd,
        type: 3}
      propertyPath: m_LocalRotation.x
      value: 0
      objectReference: {fileID: 0}
    - target: {fileID: 3575359058509091850, guid: 081e8b35f50cfc640a0bf20aa1bfb2dd,
        type: 3}
      propertyPath: m_LocalRotation.y
      value: 0
      objectReference: {fileID: 0}
    - target: {fileID: 3575359058509091850, guid: 081e8b35f50cfc640a0bf20aa1bfb2dd,
        type: 3}
      propertyPath: m_LocalRotation.z
      value: 0
      objectReference: {fileID: 0}
    - target: {fileID: 3575359058509091850, guid: 081e8b35f50cfc640a0bf20aa1bfb2dd,
        type: 3}
      propertyPath: m_LocalEulerAnglesHint.x
      value: 0
      objectReference: {fileID: 0}
    - target: {fileID: 3575359058509091850, guid: 081e8b35f50cfc640a0bf20aa1bfb2dd,
        type: 3}
      propertyPath: m_LocalEulerAnglesHint.y
      value: 0
      objectReference: {fileID: 0}
    - target: {fileID: 3575359058509091850, guid: 081e8b35f50cfc640a0bf20aa1bfb2dd,
        type: 3}
      propertyPath: m_LocalEulerAnglesHint.z
      value: 0
      objectReference: {fileID: 0}
    m_RemovedComponents: []
  m_SourcePrefab: {fileID: 100100000, guid: 081e8b35f50cfc640a0bf20aa1bfb2dd, type: 3}
--- !u!1001 &7594829192606898319
PrefabInstance:
  m_ObjectHideFlags: 0
  serializedVersion: 2
  m_Modification:
    m_TransformParent: {fileID: 712180093544054404}
    m_Modifications:
    - target: {fileID: 8263573816106962184, guid: 11ecd2a5516da7843a2ddf9a4de0b8b8,
        type: 3}
      propertyPath: m_Name
      value: AsyncAcntionBinding
      objectReference: {fileID: 0}
    - target: {fileID: 9182865509077106527, guid: 11ecd2a5516da7843a2ddf9a4de0b8b8,
        type: 3}
      propertyPath: m_RootOrder
      value: 1
      objectReference: {fileID: 0}
    - target: {fileID: 9182865509077106527, guid: 11ecd2a5516da7843a2ddf9a4de0b8b8,
        type: 3}
      propertyPath: m_LocalPosition.x
      value: 0
      objectReference: {fileID: 0}
    - target: {fileID: 9182865509077106527, guid: 11ecd2a5516da7843a2ddf9a4de0b8b8,
        type: 3}
      propertyPath: m_LocalPosition.y
      value: 0
      objectReference: {fileID: 0}
    - target: {fileID: 9182865509077106527, guid: 11ecd2a5516da7843a2ddf9a4de0b8b8,
        type: 3}
      propertyPath: m_LocalPosition.z
      value: 0
      objectReference: {fileID: 0}
    - target: {fileID: 9182865509077106527, guid: 11ecd2a5516da7843a2ddf9a4de0b8b8,
        type: 3}
      propertyPath: m_LocalRotation.w
      value: 0
      objectReference: {fileID: 0}
    - target: {fileID: 9182865509077106527, guid: 11ecd2a5516da7843a2ddf9a4de0b8b8,
        type: 3}
      propertyPath: m_LocalRotation.x
      value: -0
      objectReference: {fileID: 0}
    - target: {fileID: 9182865509077106527, guid: 11ecd2a5516da7843a2ddf9a4de0b8b8,
        type: 3}
      propertyPath: m_LocalRotation.y
      value: -0
      objectReference: {fileID: 0}
    - target: {fileID: 9182865509077106527, guid: 11ecd2a5516da7843a2ddf9a4de0b8b8,
        type: 3}
      propertyPath: m_LocalRotation.z
      value: -1
      objectReference: {fileID: 0}
    - target: {fileID: 9182865509077106527, guid: 11ecd2a5516da7843a2ddf9a4de0b8b8,
        type: 3}
      propertyPath: m_LocalEulerAnglesHint.x
      value: 0
      objectReference: {fileID: 0}
    - target: {fileID: 9182865509077106527, guid: 11ecd2a5516da7843a2ddf9a4de0b8b8,
        type: 3}
      propertyPath: m_LocalEulerAnglesHint.y
      value: 0
      objectReference: {fileID: 0}
    - target: {fileID: 9182865509077106527, guid: 11ecd2a5516da7843a2ddf9a4de0b8b8,
        type: 3}
      propertyPath: m_LocalEulerAnglesHint.z
      value: 0
      objectReference: {fileID: 0}
    m_RemovedComponents: []
  m_SourcePrefab: {fileID: 100100000, guid: 11ecd2a5516da7843a2ddf9a4de0b8b8, type: 3}
--- !u!4 &1591555649549101008 stripped
Transform:
  m_CorrespondingSourceObject: {fileID: 9182865509077106527, guid: 11ecd2a5516da7843a2ddf9a4de0b8b8,
    type: 3}
  m_PrefabInstance: {fileID: 7594829192606898319}
  m_PrefabAsset: {fileID: 0}
--- !u!1001 &7599324660946966338
PrefabInstance:
  m_ObjectHideFlags: 0
  serializedVersion: 2
  m_Modification:
    m_TransformParent: {fileID: 4121392287742489785}
    m_Modifications:
    - target: {fileID: 3575359058509091848, guid: 081e8b35f50cfc640a0bf20aa1bfb2dd,
        type: 3}
      propertyPath: m_Name
      value: MoveToRandomPoint
      objectReference: {fileID: 0}
    - target: {fileID: 3575359058509091849, guid: 081e8b35f50cfc640a0bf20aa1bfb2dd,
        type: 3}
      propertyPath: speed
      value: 1
      objectReference: {fileID: 0}
    - target: {fileID: 3575359058509091850, guid: 081e8b35f50cfc640a0bf20aa1bfb2dd,
        type: 3}
      propertyPath: m_RootOrder
      value: 1
      objectReference: {fileID: 0}
    - target: {fileID: 3575359058509091850, guid: 081e8b35f50cfc640a0bf20aa1bfb2dd,
        type: 3}
      propertyPath: m_LocalPosition.x
      value: 0
      objectReference: {fileID: 0}
    - target: {fileID: 3575359058509091850, guid: 081e8b35f50cfc640a0bf20aa1bfb2dd,
        type: 3}
      propertyPath: m_LocalPosition.y
      value: 0
      objectReference: {fileID: 0}
    - target: {fileID: 3575359058509091850, guid: 081e8b35f50cfc640a0bf20aa1bfb2dd,
        type: 3}
      propertyPath: m_LocalPosition.z
      value: 0
      objectReference: {fileID: 0}
    - target: {fileID: 3575359058509091850, guid: 081e8b35f50cfc640a0bf20aa1bfb2dd,
        type: 3}
      propertyPath: m_LocalRotation.w
      value: 1
      objectReference: {fileID: 0}
    - target: {fileID: 3575359058509091850, guid: 081e8b35f50cfc640a0bf20aa1bfb2dd,
        type: 3}
      propertyPath: m_LocalRotation.x
      value: -0
      objectReference: {fileID: 0}
    - target: {fileID: 3575359058509091850, guid: 081e8b35f50cfc640a0bf20aa1bfb2dd,
        type: 3}
      propertyPath: m_LocalRotation.y
      value: -0
      objectReference: {fileID: 0}
    - target: {fileID: 3575359058509091850, guid: 081e8b35f50cfc640a0bf20aa1bfb2dd,
        type: 3}
      propertyPath: m_LocalRotation.z
      value: -0
      objectReference: {fileID: 0}
    - target: {fileID: 3575359058509091850, guid: 081e8b35f50cfc640a0bf20aa1bfb2dd,
        type: 3}
      propertyPath: m_LocalEulerAnglesHint.x
      value: 0
      objectReference: {fileID: 0}
    - target: {fileID: 3575359058509091850, guid: 081e8b35f50cfc640a0bf20aa1bfb2dd,
        type: 3}
      propertyPath: m_LocalEulerAnglesHint.y
      value: 0
      objectReference: {fileID: 0}
    - target: {fileID: 3575359058509091850, guid: 081e8b35f50cfc640a0bf20aa1bfb2dd,
        type: 3}
      propertyPath: m_LocalEulerAnglesHint.z
      value: 0
      objectReference: {fileID: 0}
    m_RemovedComponents: []
  m_SourcePrefab: {fileID: 100100000, guid: 081e8b35f50cfc640a0bf20aa1bfb2dd, type: 3}
--- !u!1001 &8543733588817997142
PrefabInstance:
  m_ObjectHideFlags: 0
  serializedVersion: 2
  m_Modification:
    m_TransformParent: {fileID: 1591555649549101008}
    m_Modifications:
    - target: {fileID: 2513598679789817077, guid: 644d1a8cda8740f478df1162293d039a,
        type: 3}
      propertyPath: m_RootOrder
      value: 0
      objectReference: {fileID: 0}
    - target: {fileID: 2513598679789817077, guid: 644d1a8cda8740f478df1162293d039a,
        type: 3}
      propertyPath: m_LocalScale.x
      value: 1
      objectReference: {fileID: 0}
    - target: {fileID: 2513598679789817077, guid: 644d1a8cda8740f478df1162293d039a,
        type: 3}
      propertyPath: m_LocalScale.y
      value: 1
      objectReference: {fileID: 0}
    - target: {fileID: 2513598679789817077, guid: 644d1a8cda8740f478df1162293d039a,
        type: 3}
      propertyPath: m_LocalPosition.x
      value: 0
      objectReference: {fileID: 0}
    - target: {fileID: 2513598679789817077, guid: 644d1a8cda8740f478df1162293d039a,
        type: 3}
      propertyPath: m_LocalPosition.y
      value: 0
      objectReference: {fileID: 0}
    - target: {fileID: 2513598679789817077, guid: 644d1a8cda8740f478df1162293d039a,
        type: 3}
      propertyPath: m_LocalPosition.z
      value: 0
      objectReference: {fileID: 0}
    - target: {fileID: 2513598679789817077, guid: 644d1a8cda8740f478df1162293d039a,
        type: 3}
      propertyPath: m_LocalRotation.w
      value: 0
      objectReference: {fileID: 0}
    - target: {fileID: 2513598679789817077, guid: 644d1a8cda8740f478df1162293d039a,
        type: 3}
      propertyPath: m_LocalRotation.x
      value: -0
      objectReference: {fileID: 0}
    - target: {fileID: 2513598679789817077, guid: 644d1a8cda8740f478df1162293d039a,
        type: 3}
      propertyPath: m_LocalRotation.y
      value: -0
      objectReference: {fileID: 0}
    - target: {fileID: 2513598679789817077, guid: 644d1a8cda8740f478df1162293d039a,
        type: 3}
      propertyPath: m_LocalRotation.z
      value: 1
      objectReference: {fileID: 0}
    - target: {fileID: 2513598679789817077, guid: 644d1a8cda8740f478df1162293d039a,
        type: 3}
      propertyPath: m_LocalEulerAnglesHint.x
      value: 0
      objectReference: {fileID: 0}
    - target: {fileID: 2513598679789817077, guid: 644d1a8cda8740f478df1162293d039a,
        type: 3}
      propertyPath: m_LocalEulerAnglesHint.y
      value: 0
      objectReference: {fileID: 0}
    - target: {fileID: 2513598679789817077, guid: 644d1a8cda8740f478df1162293d039a,
        type: 3}
      propertyPath: m_LocalEulerAnglesHint.z
      value: 0
      objectReference: {fileID: 0}
    - target: {fileID: 3295581007015784463, guid: 644d1a8cda8740f478df1162293d039a,
        type: 3}
      propertyPath: bulletVelocity
      value: -2.5
      objectReference: {fileID: 0}
    - target: {fileID: 4460358011160761029, guid: 644d1a8cda8740f478df1162293d039a,
        type: 3}
      propertyPath: bulletVelocity
      value: -2.5
      objectReference: {fileID: 0}
    - target: {fileID: 4479000410213583773, guid: 644d1a8cda8740f478df1162293d039a,
        type: 3}
      propertyPath: attackCount
      value: 5
      objectReference: {fileID: 0}
    - target: {fileID: 4479000410213583773, guid: 644d1a8cda8740f478df1162293d039a,
        type: 3}
      propertyPath: timeAttackDelay
      value: 0.5
      objectReference: {fileID: 0}
    - target: {fileID: 4482271398721398188, guid: 644d1a8cda8740f478df1162293d039a,
        type: 3}
      propertyPath: bulletVelocity
      value: -2.5
      objectReference: {fileID: 0}
    - target: {fileID: 5091005609633867042, guid: 644d1a8cda8740f478df1162293d039a,
        type: 3}
      propertyPath: bulletVelocity
      value: -2.5
      objectReference: {fileID: 0}
    - target: {fileID: 5333890832562007590, guid: 644d1a8cda8740f478df1162293d039a,
        type: 3}
      propertyPath: bulletVelocity
      value: -2.5
      objectReference: {fileID: 0}
    - target: {fileID: 8058623665801649985, guid: 644d1a8cda8740f478df1162293d039a,
        type: 3}
      propertyPath: bulletVelocity
      value: -2.5
      objectReference: {fileID: 0}
    - target: {fileID: 8513117251769781916, guid: 644d1a8cda8740f478df1162293d039a,
        type: 3}
      propertyPath: m_Name
      value: ClockLikeAttack 1
      objectReference: {fileID: 0}
    - target: {fileID: 8610236291789999371, guid: 644d1a8cda8740f478df1162293d039a,
        type: 3}
      propertyPath: bulletVelocity
      value: -2.5
      objectReference: {fileID: 0}
    - target: {fileID: 8883271922783160227, guid: 644d1a8cda8740f478df1162293d039a,
        type: 3}
      propertyPath: bulletVelocity
      value: -2.5
      objectReference: {fileID: 0}
    m_RemovedComponents: []
  m_SourcePrefab: {fileID: 100100000, guid: 644d1a8cda8740f478df1162293d039a, type: 3}
