%YAML 1.1
%TAG !u! tag:unity3d.com,2011:
--- !u!1 &4456977629219780894
GameObject:
  m_ObjectHideFlags: 0
  m_CorrespondingSourceObject: {fileID: 0}
  m_PrefabInstance: {fileID: 0}
  m_PrefabAsset: {fileID: 0}
  serializedVersion: 6
  m_Component:
  - component: {fileID: 4456977629219780895}
  - component: {fileID: 4456977629219780888}
  - component: {fileID: 5526048105848000914}
  - component: {fileID: 1940230527032803012}
  - component: {fileID: 4117275642488368700}
  - component: {fileID: 3646344741112875868}
  - component: {fileID: -9011659609325836052}
  m_Layer: 17
  m_Name: TestBoss 1
  m_TagString: Untagged
  m_Icon: {fileID: 0}
  m_NavMeshLayer: 0
  m_StaticEditorFlags: 0
  m_IsActive: 1
--- !u!4 &4456977629219780895
Transform:
  m_ObjectHideFlags: 0
  m_CorrespondingSourceObject: {fileID: 0}
  m_PrefabInstance: {fileID: 0}
  m_PrefabAsset: {fileID: 0}
  m_GameObject: {fileID: 4456977629219780894}
  m_LocalRotation: {x: 0, y: 0, z: 0, w: 1}
  m_LocalPosition: {x: 0, y: 0, z: 0}
  m_LocalScale: {x: 1, y: 1, z: 1}
  m_Children:
  - {fileID: 4899114912747601212}
  - {fileID: 6845042132470554211}
  m_Father: {fileID: 0}
  m_RootOrder: 0
  m_LocalEulerAnglesHint: {x: 0, y: 0, z: 0}
--- !u!114 &4456977629219780888
MonoBehaviour:
  m_ObjectHideFlags: 0
  m_CorrespondingSourceObject: {fileID: 0}
  m_PrefabInstance: {fileID: 0}
  m_PrefabAsset: {fileID: 0}
  m_GameObject: {fileID: 4456977629219780894}
  m_Enabled: 1
  m_EditorHideFlags: 0
  m_Script: {fileID: 11500000, guid: b46afa6d5e969954e8c7142a334bbad8, type: 3}
  m_Name: 
  m_EditorClassIdentifier: 
  ramDamage: 30
  enemyName: 
  health: 150
  _moveUsageDelay: 0
  _deathParticles: {fileID: 0}
  _damageParticles: {fileID: 0}
--- !u!212 &5526048105848000914
SpriteRenderer:
  m_ObjectHideFlags: 0
  m_CorrespondingSourceObject: {fileID: 0}
  m_PrefabInstance: {fileID: 0}
  m_PrefabAsset: {fileID: 0}
  m_GameObject: {fileID: 4456977629219780894}
  m_Enabled: 1
  m_CastShadows: 0
  m_ReceiveShadows: 0
  m_DynamicOccludee: 1
  m_MotionVectors: 1
  m_LightProbeUsage: 1
  m_ReflectionProbeUsage: 1
  m_RayTracingMode: 0
  m_RenderingLayerMask: 1
  m_RendererPriority: 0
  m_Materials:
  - {fileID: 10754, guid: 0000000000000000f000000000000000, type: 0}
  m_StaticBatchInfo:
    firstSubMesh: 0
    subMeshCount: 0
  m_StaticBatchRoot: {fileID: 0}
  m_ProbeAnchor: {fileID: 0}
  m_LightProbeVolumeOverride: {fileID: 0}
  m_ScaleInLightmap: 1
  m_ReceiveGI: 1
  m_PreserveUVs: 0
  m_IgnoreNormalsForChartDetection: 0
  m_ImportantGI: 0
  m_StitchLightmapSeams: 0
  m_SelectedEditorRenderState: 0
  m_MinimumChartSize: 4
  m_AutoUVMaxDistance: 0.5
  m_AutoUVMaxAngle: 89
  m_LightmapParameters: {fileID: 0}
  m_SortingLayerID: 0
  m_SortingLayer: 0
  m_SortingOrder: 5
  m_Sprite: {fileID: 21300000, guid: d70238623fad18c4c8ea618f8dc44401, type: 3}
  m_Color: {r: 1, g: 1, b: 1, a: 1}
  m_FlipX: 0
  m_FlipY: 0
  m_DrawMode: 1
  m_Size: {x: 1.4, y: 1.4}
  m_AdaptiveModeThreshold: 0.5
  m_SpriteTileMode: 0
  m_WasSpriteAssigned: 1
  m_MaskInteraction: 0
  m_SpriteSortPoint: 0
--- !u!50 &1940230527032803012
Rigidbody2D:
  serializedVersion: 4
  m_ObjectHideFlags: 0
  m_CorrespondingSourceObject: {fileID: 0}
  m_PrefabInstance: {fileID: 0}
  m_PrefabAsset: {fileID: 0}
  m_GameObject: {fileID: 4456977629219780894}
  m_BodyType: 1
  m_Simulated: 1
  m_UseFullKinematicContacts: 1
  m_UseAutoMass: 0
  m_Mass: 1
  m_LinearDrag: 0
  m_AngularDrag: 0.05
  m_GravityScale: 1
  m_Material: {fileID: 0}
  m_Interpolate: 0
  m_SleepingMode: 1
  m_CollisionDetection: 0
  m_Constraints: 0
--- !u!58 &4117275642488368700
CircleCollider2D:
  m_ObjectHideFlags: 0
  m_CorrespondingSourceObject: {fileID: 0}
  m_PrefabInstance: {fileID: 0}
  m_PrefabAsset: {fileID: 0}
  m_GameObject: {fileID: 4456977629219780894}
  m_Enabled: 1
  m_Density: 1
  m_Material: {fileID: 0}
  m_IsTrigger: 0
  m_UsedByEffector: 0
  m_UsedByComposite: 0
  m_Offset: {x: 0, y: 0}
  serializedVersion: 2
  m_Radius: 0.6
--- !u!60 &3646344741112875868
PolygonCollider2D:
  m_ObjectHideFlags: 0
  m_CorrespondingSourceObject: {fileID: 0}
  m_PrefabInstance: {fileID: 0}
  m_PrefabAsset: {fileID: 0}
  m_GameObject: {fileID: 4456977629219780894}
  m_Enabled: 0
  m_Density: 1
  m_Material: {fileID: 0}
  m_IsTrigger: 0
  m_UsedByEffector: 0
  m_UsedByComposite: 0
  m_Offset: {x: 0, y: 0}
  m_SpriteTilingProperty:
    border: {x: 0, y: 0, z: 0, w: 0}
    pivot: {x: 0.5, y: 0.5}
    oldSize: {x: 2.56, y: 2.56}
    newSize: {x: 1.4, y: 1.4}
    adaptiveTilingThreshold: 0.5
    drawMode: 1
    adaptiveTiling: 0
  m_AutoTiling: 1
  m_Points:
    m_Paths:
    - - {x: 1.42, y: -1}
      - {x: 1.28, y: -0.42}
      - {x: 1.65, y: 0.14}
      - {x: 2.1599998, y: 0.28}
      - {x: 2.6499999, y: 0.08}
      - {x: 2.62, y: 0.39999998}
      - {x: 2.6, y: 0.42}
      - {x: 2.4199998, y: 0.78}
      - {x: 3, y: 0.78}
      - {x: 3.1999998, y: 0.97999996}
      - {x: 3.1999998, y: 1.42}
      - {x: 2.62, y: 1.42}
      - {x: 2.62, y: 2.3999999}
      - {x: 2.6, y: 2.4199998}
      - {x: 2.4199998, y: 2.8}
      - {x: 2.3999999, y: 2.82}
      - {x: 2.2, y: 2.82}
      - {x: 2.18, y: 2.8}
      - {x: 1.9799999, y: 2.6499999}
      - {x: 1.22, y: 1.42}
      - {x: 1.25, y: 2.52}
      - {x: 0.57, y: 3.1999998}
      - {x: -0.42999998, y: 3.1999998}
      - {x: -0.83, y: 2.86}
      - {x: -1.24, y: 2.4199998}
      - {x: -1.78, y: 1.42}
      - {x: -1.78, y: 2.2}
      - {x: -1.8, y: 2.22}
      - {x: -1.9799999, y: 2.6}
      - {x: -2.2, y: 2.82}
      - {x: -2.4199998, y: 2.85}
      - {x: -3.1999998, y: 1.43}
      - {x: -3.1999998, y: 0.97999996}
      - {x: -3, y: 0.78}
      - {x: -2.61, y: 0.44}
      - {x: -2.85, y: 0.25}
      - {x: -2.82, y: -0.04}
      - {x: -2.59, y: -0.04}
      - {x: -2.34, y: 0.17999999}
      - {x: -2.06, y: 0.32}
      - {x: -1.4599999, y: -0.049999997}
      - {x: -1.2099999, y: -0.42}
      - {x: -1.4, y: -0.97999996}
      - {x: -1.42, y: -1}
      - {x: -1.42, y: -1.1999999}
      - {x: -1.4, y: -1.22}
      - {x: -1.1999999, y: -1.22}
      - {x: -1.18, y: -1.1999999}
      - {x: -0.64, y: -1.04}
      - {x: -0.64, y: -1.41}
      - {x: -0.44, y: -1.81}
      - {x: -0.24, y: -2.02}
      - {x: 0.24, y: -2.02}
      - {x: 0.5, y: -1.86}
      - {x: 1.13, y: -1.3199999}
      - {x: 1.4399999, y: -1.2099999}
--- !u!114 &-9011659609325836052
MonoBehaviour:
  m_ObjectHideFlags: 0
  m_CorrespondingSourceObject: {fileID: 0}
  m_PrefabInstance: {fileID: 0}
  m_PrefabAsset: {fileID: 0}
  m_GameObject: {fileID: 4456977629219780894}
  m_Enabled: 1
  m_EditorHideFlags: 0
  m_Script: {fileID: 11500000, guid: 84658c18eee1f134286cf0e1ddb655cf, type: 3}
  m_Name: 
  m_EditorClassIdentifier: 
  _clips:
  - {fileID: 8300000, guid: 7584ea405eeff994cb3a112a7b32a828, type: 3}
--- !u!1001 &1369178322627530313
PrefabInstance:
  m_ObjectHideFlags: 0
  serializedVersion: 2
  m_Modification:
    m_TransformParent: {fileID: 4456977629219780895}
    m_Modifications:
    - target: {fileID: 349126949607251461, guid: f8007d07edc771243bf01b2e22d931cf,
        type: 3}
      propertyPath: m_LocalPosition.x
      value: 0
      objectReference: {fileID: 0}
    - target: {fileID: 349126949607251461, guid: f8007d07edc771243bf01b2e22d931cf,
        type: 3}
      propertyPath: m_LocalPosition.y
      value: 0
      objectReference: {fileID: 0}
    - target: {fileID: 349126949607251461, guid: f8007d07edc771243bf01b2e22d931cf,
        type: 3}
      propertyPath: m_LocalPosition.z
      value: 0
      objectReference: {fileID: 0}
    - target: {fileID: 1097873289231690136, guid: f8007d07edc771243bf01b2e22d931cf,
        type: 3}
      propertyPath: m_LocalPosition.x
      value: 0
      objectReference: {fileID: 0}
    - target: {fileID: 1097873289231690136, guid: f8007d07edc771243bf01b2e22d931cf,
        type: 3}
      propertyPath: m_LocalPosition.y
      value: 0
      objectReference: {fileID: 0}
    - target: {fileID: 1097873289231690136, guid: f8007d07edc771243bf01b2e22d931cf,
        type: 3}
      propertyPath: m_LocalPosition.z
      value: 0
      objectReference: {fileID: 0}
    - target: {fileID: 3727943680081808388, guid: f8007d07edc771243bf01b2e22d931cf,
        type: 3}
      propertyPath: stageHealth
      value: 200
      objectReference: {fileID: 0}
    - target: {fileID: 5309186829791335558, guid: f8007d07edc771243bf01b2e22d931cf,
        type: 3}
      propertyPath: m_Name
      value: Stage 1
      objectReference: {fileID: 0}
    - target: {fileID: 5835938753717384053, guid: f8007d07edc771243bf01b2e22d931cf,
        type: 3}
      propertyPath: m_RootOrder
      value: 0
      objectReference: {fileID: 0}
    - target: {fileID: 5835938753717384053, guid: f8007d07edc771243bf01b2e22d931cf,
        type: 3}
      propertyPath: m_LocalPosition.x
      value: 0
      objectReference: {fileID: 0}
    - target: {fileID: 5835938753717384053, guid: f8007d07edc771243bf01b2e22d931cf,
        type: 3}
      propertyPath: m_LocalPosition.y
      value: 0
      objectReference: {fileID: 0}
    - target: {fileID: 5835938753717384053, guid: f8007d07edc771243bf01b2e22d931cf,
        type: 3}
      propertyPath: m_LocalPosition.z
      value: 0
      objectReference: {fileID: 0}
    - target: {fileID: 5835938753717384053, guid: f8007d07edc771243bf01b2e22d931cf,
        type: 3}
      propertyPath: m_LocalRotation.w
      value: 1
      objectReference: {fileID: 0}
    - target: {fileID: 5835938753717384053, guid: f8007d07edc771243bf01b2e22d931cf,
        type: 3}
      propertyPath: m_LocalRotation.x
      value: 0
      objectReference: {fileID: 0}
    - target: {fileID: 5835938753717384053, guid: f8007d07edc771243bf01b2e22d931cf,
        type: 3}
      propertyPath: m_LocalRotation.y
      value: 0
      objectReference: {fileID: 0}
    - target: {fileID: 5835938753717384053, guid: f8007d07edc771243bf01b2e22d931cf,
        type: 3}
      propertyPath: m_LocalRotation.z
      value: 0
      objectReference: {fileID: 0}
    - target: {fileID: 5835938753717384053, guid: f8007d07edc771243bf01b2e22d931cf,
        type: 3}
      propertyPath: m_LocalEulerAnglesHint.x
      value: 0
      objectReference: {fileID: 0}
    - target: {fileID: 5835938753717384053, guid: f8007d07edc771243bf01b2e22d931cf,
        type: 3}
      propertyPath: m_LocalEulerAnglesHint.y
      value: 0
      objectReference: {fileID: 0}
    - target: {fileID: 5835938753717384053, guid: f8007d07edc771243bf01b2e22d931cf,
        type: 3}
      propertyPath: m_LocalEulerAnglesHint.z
      value: 0
      objectReference: {fileID: 0}
    m_RemovedComponents: []
  m_SourcePrefab: {fileID: 100100000, guid: f8007d07edc771243bf01b2e22d931cf, type: 3}
--- !u!4 &4899114912747601212 stripped
Transform:
  m_CorrespondingSourceObject: {fileID: 5835938753717384053, guid: f8007d07edc771243bf01b2e22d931cf,
    type: 3}
  m_PrefabInstance: {fileID: 1369178322627530313}
  m_PrefabAsset: {fileID: 0}
--- !u!1001 &5293199663989523653
PrefabInstance:
  m_ObjectHideFlags: 0
  serializedVersion: 2
  m_Modification:
    m_TransformParent: {fileID: 4456977629219780895}
    m_Modifications:
    - target: {fileID: 933817829909251764, guid: 0d01b2c8f69ddba4d9ab4afe5a3b04d2,
        type: 3}
      propertyPath: stageHealth
      value: 200
      objectReference: {fileID: 0}
    - target: {fileID: 1696520608691346086, guid: 0d01b2c8f69ddba4d9ab4afe5a3b04d2,
        type: 3}
      propertyPath: m_RootOrder
      value: 1
      objectReference: {fileID: 0}
    - target: {fileID: 1696520608691346086, guid: 0d01b2c8f69ddba4d9ab4afe5a3b04d2,
        type: 3}
      propertyPath: m_LocalPosition.x
      value: 0
      objectReference: {fileID: 0}
    - target: {fileID: 1696520608691346086, guid: 0d01b2c8f69ddba4d9ab4afe5a3b04d2,
        type: 3}
      propertyPath: m_LocalPosition.y
      value: 0
      objectReference: {fileID: 0}
    - target: {fileID: 1696520608691346086, guid: 0d01b2c8f69ddba4d9ab4afe5a3b04d2,
        type: 3}
      propertyPath: m_LocalPosition.z
      value: 0
      objectReference: {fileID: 0}
    - target: {fileID: 1696520608691346086, guid: 0d01b2c8f69ddba4d9ab4afe5a3b04d2,
        type: 3}
      propertyPath: m_LocalRotation.w
      value: 1
      objectReference: {fileID: 0}
    - target: {fileID: 1696520608691346086, guid: 0d01b2c8f69ddba4d9ab4afe5a3b04d2,
        type: 3}
      propertyPath: m_LocalRotation.x
      value: 0
      objectReference: {fileID: 0}
    - target: {fileID: 1696520608691346086, guid: 0d01b2c8f69ddba4d9ab4afe5a3b04d2,
        type: 3}
      propertyPath: m_LocalRotation.y
      value: 0
      objectReference: {fileID: 0}
    - target: {fileID: 1696520608691346086, guid: 0d01b2c8f69ddba4d9ab4afe5a3b04d2,
        type: 3}
      propertyPath: m_LocalRotation.z
      value: 0
      objectReference: {fileID: 0}
    - target: {fileID: 1696520608691346086, guid: 0d01b2c8f69ddba4d9ab4afe5a3b04d2,
        type: 3}
      propertyPath: m_LocalEulerAnglesHint.x
      value: 0
      objectReference: {fileID: 0}
    - target: {fileID: 1696520608691346086, guid: 0d01b2c8f69ddba4d9ab4afe5a3b04d2,
        type: 3}
      propertyPath: m_LocalEulerAnglesHint.y
      value: 0
      objectReference: {fileID: 0}
    - target: {fileID: 1696520608691346086, guid: 0d01b2c8f69ddba4d9ab4afe5a3b04d2,
        type: 3}
      propertyPath: m_LocalEulerAnglesHint.z
      value: 0
      objectReference: {fileID: 0}
    - target: {fileID: 1808304958772162645, guid: 0d01b2c8f69ddba4d9ab4afe5a3b04d2,
        type: 3}
      propertyPath: m_Name
      value: Stage Slow Flying And Spinning
      objectReference: {fileID: 0}
    m_RemovedComponents: []
  m_SourcePrefab: {fileID: 100100000, guid: 0d01b2c8f69ddba4d9ab4afe5a3b04d2, type: 3}
--- !u!4 &6845042132470554211 stripped
Transform:
  m_CorrespondingSourceObject: {fileID: 1696520608691346086, guid: 0d01b2c8f69ddba4d9ab4afe5a3b04d2,
    type: 3}
  m_PrefabInstance: {fileID: 5293199663989523653}
  m_PrefabAsset: {fileID: 0}
