%YAML 1.1
%TAG !u! tag:unity3d.com,2011:
--- !u!1 &1808304958772162645
GameObject:
  m_ObjectHideFlags: 0
  m_CorrespondingSourceObject: {fileID: 0}
  m_PrefabInstance: {fileID: 0}
  m_PrefabAsset: {fileID: 0}
  serializedVersion: 6
  m_Component:
  - component: {fileID: 1696520608691346086}
  - component: {fileID: 933817829909251764}
  m_Layer: 0
  m_Name: Stage Slow Flying And Spinning
  m_TagString: Untagged
  m_Icon: {fileID: 0}
  m_NavMeshLayer: 0
  m_StaticEditorFlags: 0
  m_IsActive: 1
--- !u!4 &1696520608691346086
Transform:
  m_ObjectHideFlags: 0
  m_CorrespondingSourceObject: {fileID: 0}
  m_PrefabInstance: {fileID: 0}
  m_PrefabAsset: {fileID: 0}
  m_GameObject: {fileID: 1808304958772162645}
  m_LocalRotation: {x: 0, y: 0, z: 0, w: 1}
  m_LocalPosition: {x: 0, y: 0, z: 0}
  m_LocalScale: {x: 1, y: 1, z: 1}
  m_Children:
  - {fileID: 991102357446420404}
  - {fileID: 6451803689209703339}
  m_Father: {fileID: 0}
  m_RootOrder: 0
  m_LocalEulerAnglesHint: {x: 0, y: 0, z: 0}
--- !u!114 &933817829909251764
MonoBehaviour:
  m_ObjectHideFlags: 0
  m_CorrespondingSourceObject: {fileID: 0}
  m_PrefabInstance: {fileID: 0}
  m_PrefabAsset: {fileID: 0}
  m_GameObject: {fileID: 1808304958772162645}
  m_Enabled: 1
  m_EditorHideFlags: 0
  m_Script: {fileID: 11500000, guid: 10b18238fcfb3e74999eb9e86809090b, type: 3}
  m_Name: 
  m_EditorClassIdentifier: 
  actionDelay: 0
  stageHealth: 250
--- !u!1001 &861254696137782856
PrefabInstance:
  m_ObjectHideFlags: 0
  serializedVersion: 2
  m_Modification:
    m_TransformParent: {fileID: 6561342670931489759}
    m_Modifications:
    - target: {fileID: 7547313829952140210, guid: 9128e5e8016e47e4694bfbef3b58de35,
        type: 3}
      propertyPath: m_Name
      value: SceenBasedMovement (7)
      objectReference: {fileID: 0}
    - target: {fileID: 5137958463546093620, guid: 9128e5e8016e47e4694bfbef3b58de35,
        type: 3}
      propertyPath: m_LocalPosition.x
      value: 0
      objectReference: {fileID: 0}
    - target: {fileID: 5137958463546093620, guid: 9128e5e8016e47e4694bfbef3b58de35,
        type: 3}
      propertyPath: m_LocalPosition.y
      value: 0
      objectReference: {fileID: 0}
    - target: {fileID: 5137958463546093620, guid: 9128e5e8016e47e4694bfbef3b58de35,
        type: 3}
      propertyPath: m_LocalPosition.z
      value: 0
      objectReference: {fileID: 0}
    - target: {fileID: 5137958463546093620, guid: 9128e5e8016e47e4694bfbef3b58de35,
        type: 3}
      propertyPath: m_LocalRotation.x
      value: -0
      objectReference: {fileID: 0}
    - target: {fileID: 5137958463546093620, guid: 9128e5e8016e47e4694bfbef3b58de35,
        type: 3}
      propertyPath: m_LocalRotation.y
      value: -0
      objectReference: {fileID: 0}
    - target: {fileID: 5137958463546093620, guid: 9128e5e8016e47e4694bfbef3b58de35,
        type: 3}
      propertyPath: m_LocalRotation.z
      value: -0
      objectReference: {fileID: 0}
    - target: {fileID: 5137958463546093620, guid: 9128e5e8016e47e4694bfbef3b58de35,
        type: 3}
      propertyPath: m_LocalRotation.w
      value: 1
      objectReference: {fileID: 0}
    - target: {fileID: 5137958463546093620, guid: 9128e5e8016e47e4694bfbef3b58de35,
        type: 3}
      propertyPath: m_RootOrder
      value: 7
      objectReference: {fileID: 0}
    - target: {fileID: 5137958463546093620, guid: 9128e5e8016e47e4694bfbef3b58de35,
        type: 3}
      propertyPath: m_LocalEulerAnglesHint.x
      value: 0
      objectReference: {fileID: 0}
    - target: {fileID: 5137958463546093620, guid: 9128e5e8016e47e4694bfbef3b58de35,
        type: 3}
      propertyPath: m_LocalEulerAnglesHint.y
      value: 0
      objectReference: {fileID: 0}
    - target: {fileID: 5137958463546093620, guid: 9128e5e8016e47e4694bfbef3b58de35,
        type: 3}
      propertyPath: m_LocalEulerAnglesHint.z
      value: 0
      objectReference: {fileID: 0}
    - target: {fileID: 7448135675060438256, guid: 9128e5e8016e47e4694bfbef3b58de35,
        type: 3}
      propertyPath: point.y
      value: 25
      objectReference: {fileID: 0}
    - target: {fileID: 7448135675060438256, guid: 9128e5e8016e47e4694bfbef3b58de35,
        type: 3}
      propertyPath: point.x
      value: -50
      objectReference: {fileID: 0}
    - target: {fileID: 7448135675060438256, guid: 9128e5e8016e47e4694bfbef3b58de35,
        type: 3}
      propertyPath: speed
      value: 1
      objectReference: {fileID: 0}
    m_RemovedComponents: []
  m_SourcePrefab: {fileID: 100100000, guid: 9128e5e8016e47e4694bfbef3b58de35, type: 3}
--- !u!1001 &2808415217541453044
PrefabInstance:
  m_ObjectHideFlags: 0
  serializedVersion: 2
  m_Modification:
    m_TransformParent: {fileID: 1696520608691346086}
    m_Modifications:
    - target: {fileID: 8263573816106962184, guid: 11ecd2a5516da7843a2ddf9a4de0b8b8,
        type: 3}
      propertyPath: m_Name
      value: AsyncAcntionBinding
      objectReference: {fileID: 0}
    - target: {fileID: 9182865509077106527, guid: 11ecd2a5516da7843a2ddf9a4de0b8b8,
        type: 3}
      propertyPath: m_LocalPosition.x
      value: 0
      objectReference: {fileID: 0}
    - target: {fileID: 9182865509077106527, guid: 11ecd2a5516da7843a2ddf9a4de0b8b8,
        type: 3}
      propertyPath: m_LocalPosition.y
      value: 0
      objectReference: {fileID: 0}
    - target: {fileID: 9182865509077106527, guid: 11ecd2a5516da7843a2ddf9a4de0b8b8,
        type: 3}
      propertyPath: m_LocalPosition.z
      value: 0
      objectReference: {fileID: 0}
    - target: {fileID: 9182865509077106527, guid: 11ecd2a5516da7843a2ddf9a4de0b8b8,
        type: 3}
      propertyPath: m_LocalRotation.x
      value: -0
      objectReference: {fileID: 0}
    - target: {fileID: 9182865509077106527, guid: 11ecd2a5516da7843a2ddf9a4de0b8b8,
        type: 3}
      propertyPath: m_LocalRotation.y
      value: -0
      objectReference: {fileID: 0}
    - target: {fileID: 9182865509077106527, guid: 11ecd2a5516da7843a2ddf9a4de0b8b8,
        type: 3}
      propertyPath: m_LocalRotation.z
      value: -1
      objectReference: {fileID: 0}
    - target: {fileID: 9182865509077106527, guid: 11ecd2a5516da7843a2ddf9a4de0b8b8,
        type: 3}
      propertyPath: m_LocalRotation.w
      value: 0
      objectReference: {fileID: 0}
    - target: {fileID: 9182865509077106527, guid: 11ecd2a5516da7843a2ddf9a4de0b8b8,
        type: 3}
      propertyPath: m_RootOrder
      value: 1
      objectReference: {fileID: 0}
    - target: {fileID: 9182865509077106527, guid: 11ecd2a5516da7843a2ddf9a4de0b8b8,
        type: 3}
      propertyPath: m_LocalEulerAnglesHint.x
      value: 0
      objectReference: {fileID: 0}
    - target: {fileID: 9182865509077106527, guid: 11ecd2a5516da7843a2ddf9a4de0b8b8,
        type: 3}
      propertyPath: m_LocalEulerAnglesHint.y
      value: 0
      objectReference: {fileID: 0}
    - target: {fileID: 9182865509077106527, guid: 11ecd2a5516da7843a2ddf9a4de0b8b8,
        type: 3}
      propertyPath: m_LocalEulerAnglesHint.z
      value: 0
      objectReference: {fileID: 0}
    m_RemovedComponents: []
  m_SourcePrefab: {fileID: 100100000, guid: 11ecd2a5516da7843a2ddf9a4de0b8b8, type: 3}
--- !u!4 &6451803689209703339 stripped
Transform:
  m_CorrespondingSourceObject: {fileID: 9182865509077106527, guid: 11ecd2a5516da7843a2ddf9a4de0b8b8,
    type: 3}
  m_PrefabInstance: {fileID: 2808415217541453044}
  m_PrefabAsset: {fileID: 0}
--- !u!1001 &3566807121480453549
PrefabInstance:
  m_ObjectHideFlags: 0
  serializedVersion: 2
  m_Modification:
    m_TransformParent: {fileID: 6561342670931489759}
    m_Modifications:
    - target: {fileID: 7547313829952140210, guid: 9128e5e8016e47e4694bfbef3b58de35,
        type: 3}
      propertyPath: m_Name
      value: SceenBasedMovement
      objectReference: {fileID: 0}
    - target: {fileID: 5137958463546093620, guid: 9128e5e8016e47e4694bfbef3b58de35,
        type: 3}
      propertyPath: m_LocalPosition.x
      value: 0
      objectReference: {fileID: 0}
    - target: {fileID: 5137958463546093620, guid: 9128e5e8016e47e4694bfbef3b58de35,
        type: 3}
      propertyPath: m_LocalPosition.y
      value: 0
      objectReference: {fileID: 0}
    - target: {fileID: 5137958463546093620, guid: 9128e5e8016e47e4694bfbef3b58de35,
        type: 3}
      propertyPath: m_LocalPosition.z
      value: 0
      objectReference: {fileID: 0}
    - target: {fileID: 5137958463546093620, guid: 9128e5e8016e47e4694bfbef3b58de35,
        type: 3}
      propertyPath: m_LocalRotation.x
      value: -0
      objectReference: {fileID: 0}
    - target: {fileID: 5137958463546093620, guid: 9128e5e8016e47e4694bfbef3b58de35,
        type: 3}
      propertyPath: m_LocalRotation.y
      value: -0
      objectReference: {fileID: 0}
    - target: {fileID: 5137958463546093620, guid: 9128e5e8016e47e4694bfbef3b58de35,
        type: 3}
      propertyPath: m_LocalRotation.z
      value: -0
      objectReference: {fileID: 0}
    - target: {fileID: 5137958463546093620, guid: 9128e5e8016e47e4694bfbef3b58de35,
        type: 3}
      propertyPath: m_LocalRotation.w
      value: 1
      objectReference: {fileID: 0}
    - target: {fileID: 5137958463546093620, guid: 9128e5e8016e47e4694bfbef3b58de35,
        type: 3}
      propertyPath: m_RootOrder
      value: 8
      objectReference: {fileID: 0}
    - target: {fileID: 5137958463546093620, guid: 9128e5e8016e47e4694bfbef3b58de35,
        type: 3}
      propertyPath: m_LocalEulerAnglesHint.x
      value: 0
      objectReference: {fileID: 0}
    - target: {fileID: 5137958463546093620, guid: 9128e5e8016e47e4694bfbef3b58de35,
        type: 3}
      propertyPath: m_LocalEulerAnglesHint.y
      value: 0
      objectReference: {fileID: 0}
    - target: {fileID: 5137958463546093620, guid: 9128e5e8016e47e4694bfbef3b58de35,
        type: 3}
      propertyPath: m_LocalEulerAnglesHint.z
      value: 0
      objectReference: {fileID: 0}
    - target: {fileID: 7448135675060438256, guid: 9128e5e8016e47e4694bfbef3b58de35,
        type: 3}
      propertyPath: point.y
      value: 50
      objectReference: {fileID: 0}
    - target: {fileID: 7448135675060438256, guid: 9128e5e8016e47e4694bfbef3b58de35,
        type: 3}
      propertyPath: speed
      value: 1
      objectReference: {fileID: 0}
    m_RemovedComponents: []
  m_SourcePrefab: {fileID: 100100000, guid: 9128e5e8016e47e4694bfbef3b58de35, type: 3}
--- !u!1001 &3725447986995900811
PrefabInstance:
  m_ObjectHideFlags: 0
  serializedVersion: 2
  m_Modification:
    m_TransformParent: {fileID: 6451803689209703339}
    m_Modifications:
    - target: {fileID: 3495597142066184246, guid: 1d30f547db6cfdb408529a5b123776f4,
        type: 3}
      propertyPath: m_Name
      value: SyncActionBinding
      objectReference: {fileID: 0}
    - target: {fileID: 7547436292719395412, guid: 1d30f547db6cfdb408529a5b123776f4,
        type: 3}
      propertyPath: m_LocalPosition.x
      value: 0
      objectReference: {fileID: 0}
    - target: {fileID: 7547436292719395412, guid: 1d30f547db6cfdb408529a5b123776f4,
        type: 3}
      propertyPath: m_LocalPosition.y
      value: 0
      objectReference: {fileID: 0}
    - target: {fileID: 7547436292719395412, guid: 1d30f547db6cfdb408529a5b123776f4,
        type: 3}
      propertyPath: m_LocalPosition.z
      value: 0
      objectReference: {fileID: 0}
    - target: {fileID: 7547436292719395412, guid: 1d30f547db6cfdb408529a5b123776f4,
        type: 3}
      propertyPath: m_LocalRotation.x
      value: -0
      objectReference: {fileID: 0}
    - target: {fileID: 7547436292719395412, guid: 1d30f547db6cfdb408529a5b123776f4,
        type: 3}
      propertyPath: m_LocalRotation.y
      value: -0
      objectReference: {fileID: 0}
    - target: {fileID: 7547436292719395412, guid: 1d30f547db6cfdb408529a5b123776f4,
        type: 3}
      propertyPath: m_LocalRotation.z
      value: -0
      objectReference: {fileID: 0}
    - target: {fileID: 7547436292719395412, guid: 1d30f547db6cfdb408529a5b123776f4,
        type: 3}
      propertyPath: m_LocalRotation.w
      value: 1
      objectReference: {fileID: 0}
    - target: {fileID: 7547436292719395412, guid: 1d30f547db6cfdb408529a5b123776f4,
        type: 3}
      propertyPath: m_RootOrder
      value: 1
      objectReference: {fileID: 0}
    - target: {fileID: 7547436292719395412, guid: 1d30f547db6cfdb408529a5b123776f4,
        type: 3}
      propertyPath: m_LocalEulerAnglesHint.x
      value: 0
      objectReference: {fileID: 0}
    - target: {fileID: 7547436292719395412, guid: 1d30f547db6cfdb408529a5b123776f4,
        type: 3}
      propertyPath: m_LocalEulerAnglesHint.y
      value: 0
      objectReference: {fileID: 0}
    - target: {fileID: 7547436292719395412, guid: 1d30f547db6cfdb408529a5b123776f4,
        type: 3}
      propertyPath: m_LocalEulerAnglesHint.z
      value: 0
      objectReference: {fileID: 0}
    m_RemovedComponents: []
  m_SourcePrefab: {fileID: 100100000, guid: 1d30f547db6cfdb408529a5b123776f4, type: 3}
--- !u!4 &6561342670931489759 stripped
Transform:
  m_CorrespondingSourceObject: {fileID: 7547436292719395412, guid: 1d30f547db6cfdb408529a5b123776f4,
    type: 3}
  m_PrefabInstance: {fileID: 3725447986995900811}
  m_PrefabAsset: {fileID: 0}
--- !u!1001 &4461312491671295769
PrefabInstance:
  m_ObjectHideFlags: 0
  serializedVersion: 2
  m_Modification:
    m_TransformParent: {fileID: 6561342670931489759}
    m_Modifications:
    - target: {fileID: 7547313829952140210, guid: 9128e5e8016e47e4694bfbef3b58de35,
        type: 3}
      propertyPath: m_Name
      value: SceenBasedMovement (6)
      objectReference: {fileID: 0}
    - target: {fileID: 5137958463546093620, guid: 9128e5e8016e47e4694bfbef3b58de35,
        type: 3}
      propertyPath: m_LocalPosition.x
      value: 0
      objectReference: {fileID: 0}
    - target: {fileID: 5137958463546093620, guid: 9128e5e8016e47e4694bfbef3b58de35,
        type: 3}
      propertyPath: m_LocalPosition.y
      value: 0
      objectReference: {fileID: 0}
    - target: {fileID: 5137958463546093620, guid: 9128e5e8016e47e4694bfbef3b58de35,
        type: 3}
      propertyPath: m_LocalPosition.z
      value: 0
      objectReference: {fileID: 0}
    - target: {fileID: 5137958463546093620, guid: 9128e5e8016e47e4694bfbef3b58de35,
        type: 3}
      propertyPath: m_LocalRotation.x
      value: -0
      objectReference: {fileID: 0}
    - target: {fileID: 5137958463546093620, guid: 9128e5e8016e47e4694bfbef3b58de35,
        type: 3}
      propertyPath: m_LocalRotation.y
      value: -0
      objectReference: {fileID: 0}
    - target: {fileID: 5137958463546093620, guid: 9128e5e8016e47e4694bfbef3b58de35,
        type: 3}
      propertyPath: m_LocalRotation.z
      value: -0
      objectReference: {fileID: 0}
    - target: {fileID: 5137958463546093620, guid: 9128e5e8016e47e4694bfbef3b58de35,
        type: 3}
      propertyPath: m_LocalRotation.w
      value: 1
      objectReference: {fileID: 0}
    - target: {fileID: 5137958463546093620, guid: 9128e5e8016e47e4694bfbef3b58de35,
        type: 3}
      propertyPath: m_RootOrder
      value: 6
      objectReference: {fileID: 0}
    - target: {fileID: 5137958463546093620, guid: 9128e5e8016e47e4694bfbef3b58de35,
        type: 3}
      propertyPath: m_LocalEulerAnglesHint.x
      value: 0
      objectReference: {fileID: 0}
    - target: {fileID: 5137958463546093620, guid: 9128e5e8016e47e4694bfbef3b58de35,
        type: 3}
      propertyPath: m_LocalEulerAnglesHint.y
      value: 0
      objectReference: {fileID: 0}
    - target: {fileID: 5137958463546093620, guid: 9128e5e8016e47e4694bfbef3b58de35,
        type: 3}
      propertyPath: m_LocalEulerAnglesHint.z
      value: 0
      objectReference: {fileID: 0}
    - target: {fileID: 7448135675060438256, guid: 9128e5e8016e47e4694bfbef3b58de35,
        type: 3}
      propertyPath: point.y
      value: 0
      objectReference: {fileID: 0}
    - target: {fileID: 7448135675060438256, guid: 9128e5e8016e47e4694bfbef3b58de35,
        type: 3}
      propertyPath: point.x
      value: -75
      objectReference: {fileID: 0}
    - target: {fileID: 7448135675060438256, guid: 9128e5e8016e47e4694bfbef3b58de35,
        type: 3}
      propertyPath: speed
      value: 1
      objectReference: {fileID: 0}
    m_RemovedComponents: []
  m_SourcePrefab: {fileID: 100100000, guid: 9128e5e8016e47e4694bfbef3b58de35, type: 3}
--- !u!1001 &5045870768091234688
PrefabInstance:
  m_ObjectHideFlags: 0
  serializedVersion: 2
  m_Modification:
    m_TransformParent: {fileID: 6561342670931489759}
    m_Modifications:
    - target: {fileID: 7547313829952140210, guid: 9128e5e8016e47e4694bfbef3b58de35,
        type: 3}
      propertyPath: m_Name
      value: SceenBasedMovement (3)
      objectReference: {fileID: 0}
    - target: {fileID: 5137958463546093620, guid: 9128e5e8016e47e4694bfbef3b58de35,
        type: 3}
      propertyPath: m_LocalPosition.x
      value: 0
      objectReference: {fileID: 0}
    - target: {fileID: 5137958463546093620, guid: 9128e5e8016e47e4694bfbef3b58de35,
        type: 3}
      propertyPath: m_LocalPosition.y
      value: 0
      objectReference: {fileID: 0}
    - target: {fileID: 5137958463546093620, guid: 9128e5e8016e47e4694bfbef3b58de35,
        type: 3}
      propertyPath: m_LocalPosition.z
      value: 0
      objectReference: {fileID: 0}
    - target: {fileID: 5137958463546093620, guid: 9128e5e8016e47e4694bfbef3b58de35,
        type: 3}
      propertyPath: m_LocalRotation.x
      value: -0
      objectReference: {fileID: 0}
    - target: {fileID: 5137958463546093620, guid: 9128e5e8016e47e4694bfbef3b58de35,
        type: 3}
      propertyPath: m_LocalRotation.y
      value: -0
      objectReference: {fileID: 0}
    - target: {fileID: 5137958463546093620, guid: 9128e5e8016e47e4694bfbef3b58de35,
        type: 3}
      propertyPath: m_LocalRotation.z
      value: -0
      objectReference: {fileID: 0}
    - target: {fileID: 5137958463546093620, guid: 9128e5e8016e47e4694bfbef3b58de35,
        type: 3}
      propertyPath: m_LocalRotation.w
      value: 1
      objectReference: {fileID: 0}
    - target: {fileID: 5137958463546093620, guid: 9128e5e8016e47e4694bfbef3b58de35,
        type: 3}
      propertyPath: m_RootOrder
      value: 3
      objectReference: {fileID: 0}
    - target: {fileID: 5137958463546093620, guid: 9128e5e8016e47e4694bfbef3b58de35,
        type: 3}
      propertyPath: m_LocalEulerAnglesHint.x
      value: 0
      objectReference: {fileID: 0}
    - target: {fileID: 5137958463546093620, guid: 9128e5e8016e47e4694bfbef3b58de35,
        type: 3}
      propertyPath: m_LocalEulerAnglesHint.y
      value: 0
      objectReference: {fileID: 0}
    - target: {fileID: 5137958463546093620, guid: 9128e5e8016e47e4694bfbef3b58de35,
        type: 3}
      propertyPath: m_LocalEulerAnglesHint.z
      value: 0
      objectReference: {fileID: 0}
    - target: {fileID: 7448135675060438256, guid: 9128e5e8016e47e4694bfbef3b58de35,
        type: 3}
      propertyPath: point.y
      value: -25
      objectReference: {fileID: 0}
    - target: {fileID: 7448135675060438256, guid: 9128e5e8016e47e4694bfbef3b58de35,
        type: 3}
      propertyPath: point.x
      value: 25
      objectReference: {fileID: 0}
    - target: {fileID: 7448135675060438256, guid: 9128e5e8016e47e4694bfbef3b58de35,
        type: 3}
      propertyPath: speed
      value: 1
      objectReference: {fileID: 0}
    m_RemovedComponents: []
  m_SourcePrefab: {fileID: 100100000, guid: 9128e5e8016e47e4694bfbef3b58de35, type: 3}
--- !u!1001 &5310322437006003949
PrefabInstance:
  m_ObjectHideFlags: 0
  serializedVersion: 2
  m_Modification:
    m_TransformParent: {fileID: 1696520608691346086}
    m_Modifications:
    - target: {fileID: 2288149158570264202, guid: 9665b2cb77fe8a14796ac81be7e066db,
        type: 3}
      propertyPath: m_Name
      value: ShakeAction
      objectReference: {fileID: 0}
    - target: {fileID: 4932308319779088729, guid: 9665b2cb77fe8a14796ac81be7e066db,
        type: 3}
      propertyPath: m_LocalPosition.x
      value: 0
      objectReference: {fileID: 0}
    - target: {fileID: 4932308319779088729, guid: 9665b2cb77fe8a14796ac81be7e066db,
        type: 3}
      propertyPath: m_LocalPosition.y
      value: 0
      objectReference: {fileID: 0}
    - target: {fileID: 4932308319779088729, guid: 9665b2cb77fe8a14796ac81be7e066db,
        type: 3}
      propertyPath: m_LocalPosition.z
      value: 0
      objectReference: {fileID: 0}
    - target: {fileID: 4932308319779088729, guid: 9665b2cb77fe8a14796ac81be7e066db,
        type: 3}
      propertyPath: m_LocalRotation.x
      value: -0
      objectReference: {fileID: 0}
    - target: {fileID: 4932308319779088729, guid: 9665b2cb77fe8a14796ac81be7e066db,
        type: 3}
      propertyPath: m_LocalRotation.y
      value: -0
      objectReference: {fileID: 0}
    - target: {fileID: 4932308319779088729, guid: 9665b2cb77fe8a14796ac81be7e066db,
        type: 3}
      propertyPath: m_LocalRotation.z
      value: -1
      objectReference: {fileID: 0}
    - target: {fileID: 4932308319779088729, guid: 9665b2cb77fe8a14796ac81be7e066db,
        type: 3}
      propertyPath: m_LocalRotation.w
      value: 0
      objectReference: {fileID: 0}
    - target: {fileID: 4932308319779088729, guid: 9665b2cb77fe8a14796ac81be7e066db,
        type: 3}
      propertyPath: m_RootOrder
      value: 0
      objectReference: {fileID: 0}
    - target: {fileID: 4932308319779088729, guid: 9665b2cb77fe8a14796ac81be7e066db,
        type: 3}
      propertyPath: m_LocalEulerAnglesHint.x
      value: 0
      objectReference: {fileID: 0}
    - target: {fileID: 4932308319779088729, guid: 9665b2cb77fe8a14796ac81be7e066db,
        type: 3}
      propertyPath: m_LocalEulerAnglesHint.y
      value: 0
      objectReference: {fileID: 0}
    - target: {fileID: 4932308319779088729, guid: 9665b2cb77fe8a14796ac81be7e066db,
        type: 3}
      propertyPath: m_LocalEulerAnglesHint.z
      value: 0
      objectReference: {fileID: 0}
    - target: {fileID: 6730989043891576622, guid: 9665b2cb77fe8a14796ac81be7e066db,
        type: 3}
      propertyPath: stress
      value: 0.6
      objectReference: {fileID: 0}
    m_RemovedComponents: []
  m_SourcePrefab: {fileID: 100100000, guid: 9665b2cb77fe8a14796ac81be7e066db, type: 3}
--- !u!4 &991102357446420404 stripped
Transform:
  m_CorrespondingSourceObject: {fileID: 4932308319779088729, guid: 9665b2cb77fe8a14796ac81be7e066db,
    type: 3}
  m_PrefabInstance: {fileID: 5310322437006003949}
  m_PrefabAsset: {fileID: 0}
--- !u!1001 &5576749713675145722
PrefabInstance:
  m_ObjectHideFlags: 0
  serializedVersion: 2
  m_Modification:
    m_TransformParent: {fileID: 6561342670931489759}
    m_Modifications:
    - target: {fileID: 7547313829952140210, guid: 9128e5e8016e47e4694bfbef3b58de35,
        type: 3}
      propertyPath: m_Name
      value: SceenBasedMovement
      objectReference: {fileID: 0}
    - target: {fileID: 5137958463546093620, guid: 9128e5e8016e47e4694bfbef3b58de35,
        type: 3}
      propertyPath: m_LocalPosition.x
      value: 0
      objectReference: {fileID: 0}
    - target: {fileID: 5137958463546093620, guid: 9128e5e8016e47e4694bfbef3b58de35,
        type: 3}
      propertyPath: m_LocalPosition.y
      value: 0
      objectReference: {fileID: 0}
    - target: {fileID: 5137958463546093620, guid: 9128e5e8016e47e4694bfbef3b58de35,
        type: 3}
      propertyPath: m_LocalPosition.z
      value: 0
      objectReference: {fileID: 0}
    - target: {fileID: 5137958463546093620, guid: 9128e5e8016e47e4694bfbef3b58de35,
        type: 3}
      propertyPath: m_LocalRotation.x
      value: 0
      objectReference: {fileID: 0}
    - target: {fileID: 5137958463546093620, guid: 9128e5e8016e47e4694bfbef3b58de35,
        type: 3}
      propertyPath: m_LocalRotation.y
      value: 0
      objectReference: {fileID: 0}
    - target: {fileID: 5137958463546093620, guid: 9128e5e8016e47e4694bfbef3b58de35,
        type: 3}
      propertyPath: m_LocalRotation.z
      value: 0
      objectReference: {fileID: 0}
    - target: {fileID: 5137958463546093620, guid: 9128e5e8016e47e4694bfbef3b58de35,
        type: 3}
      propertyPath: m_LocalRotation.w
      value: 1
      objectReference: {fileID: 0}
    - target: {fileID: 5137958463546093620, guid: 9128e5e8016e47e4694bfbef3b58de35,
        type: 3}
      propertyPath: m_RootOrder
      value: 0
      objectReference: {fileID: 0}
    - target: {fileID: 5137958463546093620, guid: 9128e5e8016e47e4694bfbef3b58de35,
        type: 3}
      propertyPath: m_LocalEulerAnglesHint.x
      value: 0
      objectReference: {fileID: 0}
    - target: {fileID: 5137958463546093620, guid: 9128e5e8016e47e4694bfbef3b58de35,
        type: 3}
      propertyPath: m_LocalEulerAnglesHint.y
      value: 0
      objectReference: {fileID: 0}
    - target: {fileID: 5137958463546093620, guid: 9128e5e8016e47e4694bfbef3b58de35,
        type: 3}
      propertyPath: m_LocalEulerAnglesHint.z
      value: 0
      objectReference: {fileID: 0}
    - target: {fileID: 7448135675060438256, guid: 9128e5e8016e47e4694bfbef3b58de35,
        type: 3}
      propertyPath: point.y
      value: 50
      objectReference: {fileID: 0}
    - target: {fileID: 7448135675060438256, guid: 9128e5e8016e47e4694bfbef3b58de35,
        type: 3}
      propertyPath: speed
      value: 1
      objectReference: {fileID: 0}
    m_RemovedComponents: []
  m_SourcePrefab: {fileID: 100100000, guid: 9128e5e8016e47e4694bfbef3b58de35, type: 3}
--- !u!1001 &5650749193417821752
PrefabInstance:
  m_ObjectHideFlags: 0
  serializedVersion: 2
  m_Modification:
    m_TransformParent: {fileID: 6561342670931489759}
    m_Modifications:
    - target: {fileID: 7547313829952140210, guid: 9128e5e8016e47e4694bfbef3b58de35,
        type: 3}
      propertyPath: m_Name
      value: SceenBasedMovement (4)
      objectReference: {fileID: 0}
    - target: {fileID: 5137958463546093620, guid: 9128e5e8016e47e4694bfbef3b58de35,
        type: 3}
      propertyPath: m_LocalPosition.x
      value: 0
      objectReference: {fileID: 0}
    - target: {fileID: 5137958463546093620, guid: 9128e5e8016e47e4694bfbef3b58de35,
        type: 3}
      propertyPath: m_LocalPosition.y
      value: 0
      objectReference: {fileID: 0}
    - target: {fileID: 5137958463546093620, guid: 9128e5e8016e47e4694bfbef3b58de35,
        type: 3}
      propertyPath: m_LocalPosition.z
      value: 0
      objectReference: {fileID: 0}
    - target: {fileID: 5137958463546093620, guid: 9128e5e8016e47e4694bfbef3b58de35,
        type: 3}
      propertyPath: m_LocalRotation.x
      value: -0
      objectReference: {fileID: 0}
    - target: {fileID: 5137958463546093620, guid: 9128e5e8016e47e4694bfbef3b58de35,
        type: 3}
      propertyPath: m_LocalRotation.y
      value: -0
      objectReference: {fileID: 0}
    - target: {fileID: 5137958463546093620, guid: 9128e5e8016e47e4694bfbef3b58de35,
        type: 3}
      propertyPath: m_LocalRotation.z
      value: -0
      objectReference: {fileID: 0}
    - target: {fileID: 5137958463546093620, guid: 9128e5e8016e47e4694bfbef3b58de35,
        type: 3}
      propertyPath: m_LocalRotation.w
      value: 1
      objectReference: {fileID: 0}
    - target: {fileID: 5137958463546093620, guid: 9128e5e8016e47e4694bfbef3b58de35,
        type: 3}
      propertyPath: m_RootOrder
      value: 4
      objectReference: {fileID: 0}
    - target: {fileID: 5137958463546093620, guid: 9128e5e8016e47e4694bfbef3b58de35,
        type: 3}
      propertyPath: m_LocalEulerAnglesHint.x
      value: 0
      objectReference: {fileID: 0}
    - target: {fileID: 5137958463546093620, guid: 9128e5e8016e47e4694bfbef3b58de35,
        type: 3}
      propertyPath: m_LocalEulerAnglesHint.y
      value: 0
      objectReference: {fileID: 0}
    - target: {fileID: 5137958463546093620, guid: 9128e5e8016e47e4694bfbef3b58de35,
        type: 3}
      propertyPath: m_LocalEulerAnglesHint.z
      value: 0
      objectReference: {fileID: 0}
    - target: {fileID: 7448135675060438256, guid: 9128e5e8016e47e4694bfbef3b58de35,
        type: 3}
      propertyPath: point.y
      value: -50
      objectReference: {fileID: 0}
    - target: {fileID: 7448135675060438256, guid: 9128e5e8016e47e4694bfbef3b58de35,
        type: 3}
      propertyPath: point.x
      value: 0
      objectReference: {fileID: 0}
    - target: {fileID: 7448135675060438256, guid: 9128e5e8016e47e4694bfbef3b58de35,
        type: 3}
      propertyPath: speed
      value: 1
      objectReference: {fileID: 0}
    m_RemovedComponents: []
  m_SourcePrefab: {fileID: 100100000, guid: 9128e5e8016e47e4694bfbef3b58de35, type: 3}
--- !u!1001 &6382569954648448594
PrefabInstance:
  m_ObjectHideFlags: 0
  serializedVersion: 2
  m_Modification:
    m_TransformParent: {fileID: 6561342670931489759}
    m_Modifications:
    - target: {fileID: 7547313829952140210, guid: 9128e5e8016e47e4694bfbef3b58de35,
        type: 3}
      propertyPath: m_Name
      value: SceenBasedMovement (5)
      objectReference: {fileID: 0}
    - target: {fileID: 5137958463546093620, guid: 9128e5e8016e47e4694bfbef3b58de35,
        type: 3}
      propertyPath: m_LocalPosition.x
      value: 0
      objectReference: {fileID: 0}
    - target: {fileID: 5137958463546093620, guid: 9128e5e8016e47e4694bfbef3b58de35,
        type: 3}
      propertyPath: m_LocalPosition.y
      value: 0
      objectReference: {fileID: 0}
    - target: {fileID: 5137958463546093620, guid: 9128e5e8016e47e4694bfbef3b58de35,
        type: 3}
      propertyPath: m_LocalPosition.z
      value: 0
      objectReference: {fileID: 0}
    - target: {fileID: 5137958463546093620, guid: 9128e5e8016e47e4694bfbef3b58de35,
        type: 3}
      propertyPath: m_LocalRotation.x
      value: -0
      objectReference: {fileID: 0}
    - target: {fileID: 5137958463546093620, guid: 9128e5e8016e47e4694bfbef3b58de35,
        type: 3}
      propertyPath: m_LocalRotation.y
      value: -0
      objectReference: {fileID: 0}
    - target: {fileID: 5137958463546093620, guid: 9128e5e8016e47e4694bfbef3b58de35,
        type: 3}
      propertyPath: m_LocalRotation.z
      value: -0
      objectReference: {fileID: 0}
    - target: {fileID: 5137958463546093620, guid: 9128e5e8016e47e4694bfbef3b58de35,
        type: 3}
      propertyPath: m_LocalRotation.w
      value: 1
      objectReference: {fileID: 0}
    - target: {fileID: 5137958463546093620, guid: 9128e5e8016e47e4694bfbef3b58de35,
        type: 3}
      propertyPath: m_RootOrder
      value: 5
      objectReference: {fileID: 0}
    - target: {fileID: 5137958463546093620, guid: 9128e5e8016e47e4694bfbef3b58de35,
        type: 3}
      propertyPath: m_LocalEulerAnglesHint.x
      value: 0
      objectReference: {fileID: 0}
    - target: {fileID: 5137958463546093620, guid: 9128e5e8016e47e4694bfbef3b58de35,
        type: 3}
      propertyPath: m_LocalEulerAnglesHint.y
      value: 0
      objectReference: {fileID: 0}
    - target: {fileID: 5137958463546093620, guid: 9128e5e8016e47e4694bfbef3b58de35,
        type: 3}
      propertyPath: m_LocalEulerAnglesHint.z
      value: 0
      objectReference: {fileID: 0}
    - target: {fileID: 7448135675060438256, guid: 9128e5e8016e47e4694bfbef3b58de35,
        type: 3}
      propertyPath: point.y
      value: -25
      objectReference: {fileID: 0}
    - target: {fileID: 7448135675060438256, guid: 9128e5e8016e47e4694bfbef3b58de35,
        type: 3}
      propertyPath: point.x
      value: -50
      objectReference: {fileID: 0}
    - target: {fileID: 7448135675060438256, guid: 9128e5e8016e47e4694bfbef3b58de35,
        type: 3}
      propertyPath: speed
      value: 1
      objectReference: {fileID: 0}
    m_RemovedComponents: []
  m_SourcePrefab: {fileID: 100100000, guid: 9128e5e8016e47e4694bfbef3b58de35, type: 3}
--- !u!1001 &7286451343814537283
PrefabInstance:
  m_ObjectHideFlags: 0
  serializedVersion: 2
  m_Modification:
    m_TransformParent: {fileID: 6561342670931489759}
    m_Modifications:
    - target: {fileID: 7547313829952140210, guid: 9128e5e8016e47e4694bfbef3b58de35,
        type: 3}
      propertyPath: m_Name
      value: SceenBasedMovement (1)
      objectReference: {fileID: 0}
    - target: {fileID: 5137958463546093620, guid: 9128e5e8016e47e4694bfbef3b58de35,
        type: 3}
      propertyPath: m_LocalPosition.x
      value: 0
      objectReference: {fileID: 0}
    - target: {fileID: 5137958463546093620, guid: 9128e5e8016e47e4694bfbef3b58de35,
        type: 3}
      propertyPath: m_LocalPosition.y
      value: 0
      objectReference: {fileID: 0}
    - target: {fileID: 5137958463546093620, guid: 9128e5e8016e47e4694bfbef3b58de35,
        type: 3}
      propertyPath: m_LocalPosition.z
      value: 0
      objectReference: {fileID: 0}
    - target: {fileID: 5137958463546093620, guid: 9128e5e8016e47e4694bfbef3b58de35,
        type: 3}
      propertyPath: m_LocalRotation.x
      value: -0
      objectReference: {fileID: 0}
    - target: {fileID: 5137958463546093620, guid: 9128e5e8016e47e4694bfbef3b58de35,
        type: 3}
      propertyPath: m_LocalRotation.y
      value: -0
      objectReference: {fileID: 0}
    - target: {fileID: 5137958463546093620, guid: 9128e5e8016e47e4694bfbef3b58de35,
        type: 3}
      propertyPath: m_LocalRotation.z
      value: -0
      objectReference: {fileID: 0}
    - target: {fileID: 5137958463546093620, guid: 9128e5e8016e47e4694bfbef3b58de35,
        type: 3}
      propertyPath: m_LocalRotation.w
      value: 1
      objectReference: {fileID: 0}
    - target: {fileID: 5137958463546093620, guid: 9128e5e8016e47e4694bfbef3b58de35,
        type: 3}
      propertyPath: m_RootOrder
      value: 1
      objectReference: {fileID: 0}
    - target: {fileID: 5137958463546093620, guid: 9128e5e8016e47e4694bfbef3b58de35,
        type: 3}
      propertyPath: m_LocalEulerAnglesHint.x
      value: 0
      objectReference: {fileID: 0}
    - target: {fileID: 5137958463546093620, guid: 9128e5e8016e47e4694bfbef3b58de35,
        type: 3}
      propertyPath: m_LocalEulerAnglesHint.y
      value: 0
      objectReference: {fileID: 0}
    - target: {fileID: 5137958463546093620, guid: 9128e5e8016e47e4694bfbef3b58de35,
        type: 3}
      propertyPath: m_LocalEulerAnglesHint.z
      value: 0
      objectReference: {fileID: 0}
    - target: {fileID: 7448135675060438256, guid: 9128e5e8016e47e4694bfbef3b58de35,
        type: 3}
      propertyPath: point.y
      value: 25
      objectReference: {fileID: 0}
    - target: {fileID: 7448135675060438256, guid: 9128e5e8016e47e4694bfbef3b58de35,
        type: 3}
      propertyPath: point.x
      value: 50
      objectReference: {fileID: 0}
    - target: {fileID: 7448135675060438256, guid: 9128e5e8016e47e4694bfbef3b58de35,
        type: 3}
      propertyPath: speed
      value: 1
      objectReference: {fileID: 0}
    m_RemovedComponents: []
  m_SourcePrefab: {fileID: 100100000, guid: 9128e5e8016e47e4694bfbef3b58de35, type: 3}
--- !u!1001 &8030615731758401219
PrefabInstance:
  m_ObjectHideFlags: 0
  serializedVersion: 2
  m_Modification:
    m_TransformParent: {fileID: 6451803689209703339}
    m_Modifications:
    - target: {fileID: 8513117251769781916, guid: 644d1a8cda8740f478df1162293d039a,
        type: 3}
      propertyPath: m_Name
      value: ClockLikeAttack 1
      objectReference: {fileID: 0}
    - target: {fileID: 2513598679789817077, guid: 644d1a8cda8740f478df1162293d039a,
        type: 3}
      propertyPath: m_LocalPosition.x
      value: 0
      objectReference: {fileID: 0}
    - target: {fileID: 2513598679789817077, guid: 644d1a8cda8740f478df1162293d039a,
        type: 3}
      propertyPath: m_LocalPosition.y
      value: 0
      objectReference: {fileID: 0}
    - target: {fileID: 2513598679789817077, guid: 644d1a8cda8740f478df1162293d039a,
        type: 3}
      propertyPath: m_LocalPosition.z
      value: 0
      objectReference: {fileID: 0}
    - target: {fileID: 2513598679789817077, guid: 644d1a8cda8740f478df1162293d039a,
        type: 3}
      propertyPath: m_LocalRotation.x
      value: -0
      objectReference: {fileID: 0}
    - target: {fileID: 2513598679789817077, guid: 644d1a8cda8740f478df1162293d039a,
        type: 3}
      propertyPath: m_LocalRotation.y
      value: -0
      objectReference: {fileID: 0}
    - target: {fileID: 2513598679789817077, guid: 644d1a8cda8740f478df1162293d039a,
        type: 3}
      propertyPath: m_LocalRotation.z
      value: 1
      objectReference: {fileID: 0}
    - target: {fileID: 2513598679789817077, guid: 644d1a8cda8740f478df1162293d039a,
        type: 3}
      propertyPath: m_LocalRotation.w
      value: 0
      objectReference: {fileID: 0}
    - target: {fileID: 2513598679789817077, guid: 644d1a8cda8740f478df1162293d039a,
        type: 3}
      propertyPath: m_RootOrder
      value: 0
      objectReference: {fileID: 0}
    - target: {fileID: 2513598679789817077, guid: 644d1a8cda8740f478df1162293d039a,
        type: 3}
      propertyPath: m_LocalEulerAnglesHint.x
      value: 0
      objectReference: {fileID: 0}
    - target: {fileID: 2513598679789817077, guid: 644d1a8cda8740f478df1162293d039a,
        type: 3}
      propertyPath: m_LocalEulerAnglesHint.y
      value: 0
      objectReference: {fileID: 0}
    - target: {fileID: 2513598679789817077, guid: 644d1a8cda8740f478df1162293d039a,
        type: 3}
      propertyPath: m_LocalEulerAnglesHint.z
      value: 0
      objectReference: {fileID: 0}
    - target: {fileID: 4479000410213583773, guid: 644d1a8cda8740f478df1162293d039a,
        type: 3}
      propertyPath: attackCount
      value: 100
      objectReference: {fileID: 0}
    - target: {fileID: 4479000410213583773, guid: 644d1a8cda8740f478df1162293d039a,
        type: 3}
      propertyPath: timeAttackDelay
      value: 0.1
      objectReference: {fileID: 0}
    - target: {fileID: 4479000410213583773, guid: 644d1a8cda8740f478df1162293d039a,
        type: 3}
      propertyPath: zAngleOffset
      value: 25
      objectReference: {fileID: 0}
    - target: {fileID: 4460358011160761029, guid: 644d1a8cda8740f478df1162293d039a,
        type: 3}
      propertyPath: bulletVelocity
      value: -2
      objectReference: {fileID: 0}
    - target: {fileID: 4482271398721398188, guid: 644d1a8cda8740f478df1162293d039a,
        type: 3}
      propertyPath: bulletVelocity
      value: -2
      objectReference: {fileID: 0}
    - target: {fileID: 3295581007015784463, guid: 644d1a8cda8740f478df1162293d039a,
        type: 3}
      propertyPath: bulletVelocity
      value: -2
      objectReference: {fileID: 0}
    - target: {fileID: 5091005609633867042, guid: 644d1a8cda8740f478df1162293d039a,
        type: 3}
      propertyPath: bulletVelocity
      value: -2
      objectReference: {fileID: 0}
    - target: {fileID: 5333890832562007590, guid: 644d1a8cda8740f478df1162293d039a,
        type: 3}
      propertyPath: bulletVelocity
      value: -2
      objectReference: {fileID: 0}
    - target: {fileID: 8610236291789999371, guid: 644d1a8cda8740f478df1162293d039a,
        type: 3}
      propertyPath: bulletVelocity
      value: -2
      objectReference: {fileID: 0}
    - target: {fileID: 8883271922783160227, guid: 644d1a8cda8740f478df1162293d039a,
        type: 3}
      propertyPath: bulletVelocity
      value: -2
      objectReference: {fileID: 0}
    - target: {fileID: 8058623665801649985, guid: 644d1a8cda8740f478df1162293d039a,
        type: 3}
      propertyPath: bulletVelocity
      value: -2
      objectReference: {fileID: 0}
    - target: {fileID: 1616919610648530711, guid: 644d1a8cda8740f478df1162293d039a,
        type: 3}
      propertyPath: bulletVelocity
      value: -2
      objectReference: {fileID: 0}
    - target: {fileID: 430103318418430644, guid: 644d1a8cda8740f478df1162293d039a,
        type: 3}
      propertyPath: bulletVelocity
      value: -2
      objectReference: {fileID: 0}
    - target: {fileID: 444287755538443741, guid: 644d1a8cda8740f478df1162293d039a,
        type: 3}
      propertyPath: bulletVelocity
      value: -2
      objectReference: {fileID: 0}
    - target: {fileID: 6060095920094797913, guid: 644d1a8cda8740f478df1162293d039a,
        type: 3}
      propertyPath: bulletVelocity
      value: -2
      objectReference: {fileID: 0}
    - target: {fileID: 4650962881042692283, guid: 644d1a8cda8740f478df1162293d039a,
        type: 3}
      propertyPath: bulletVelocity
      value: -2
      objectReference: {fileID: 0}
    - target: {fileID: 5526346580576399891, guid: 644d1a8cda8740f478df1162293d039a,
        type: 3}
      propertyPath: bulletVelocity
      value: -2
      objectReference: {fileID: 0}
    - target: {fileID: 8199361488938373438, guid: 644d1a8cda8740f478df1162293d039a,
        type: 3}
      propertyPath: bulletVelocity
      value: -2
      objectReference: {fileID: 0}
    - target: {fileID: 9037264327855168058, guid: 644d1a8cda8740f478df1162293d039a,
        type: 3}
      propertyPath: bulletVelocity
      value: -2
      objectReference: {fileID: 0}
    m_RemovedComponents: []
  m_SourcePrefab: {fileID: 100100000, guid: 644d1a8cda8740f478df1162293d039a, type: 3}
--- !u!1001 &8546965336973616432
PrefabInstance:
  m_ObjectHideFlags: 0
  serializedVersion: 2
  m_Modification:
    m_TransformParent: {fileID: 6561342670931489759}
    m_Modifications:
    - target: {fileID: 7547313829952140210, guid: 9128e5e8016e47e4694bfbef3b58de35,
        type: 3}
      propertyPath: m_Name
      value: SceenBasedMovement (2)
      objectReference: {fileID: 0}
    - target: {fileID: 5137958463546093620, guid: 9128e5e8016e47e4694bfbef3b58de35,
        type: 3}
      propertyPath: m_LocalPosition.x
      value: 0
      objectReference: {fileID: 0}
    - target: {fileID: 5137958463546093620, guid: 9128e5e8016e47e4694bfbef3b58de35,
        type: 3}
      propertyPath: m_LocalPosition.y
      value: 0
      objectReference: {fileID: 0}
    - target: {fileID: 5137958463546093620, guid: 9128e5e8016e47e4694bfbef3b58de35,
        type: 3}
      propertyPath: m_LocalPosition.z
      value: 0
      objectReference: {fileID: 0}
    - target: {fileID: 5137958463546093620, guid: 9128e5e8016e47e4694bfbef3b58de35,
        type: 3}
      propertyPath: m_LocalRotation.x
      value: -0
      objectReference: {fileID: 0}
    - target: {fileID: 5137958463546093620, guid: 9128e5e8016e47e4694bfbef3b58de35,
        type: 3}
      propertyPath: m_LocalRotation.y
      value: -0
      objectReference: {fileID: 0}
    - target: {fileID: 5137958463546093620, guid: 9128e5e8016e47e4694bfbef3b58de35,
        type: 3}
      propertyPath: m_LocalRotation.z
      value: -0
      objectReference: {fileID: 0}
    - target: {fileID: 5137958463546093620, guid: 9128e5e8016e47e4694bfbef3b58de35,
        type: 3}
      propertyPath: m_LocalRotation.w
      value: 1
      objectReference: {fileID: 0}
    - target: {fileID: 5137958463546093620, guid: 9128e5e8016e47e4694bfbef3b58de35,
        type: 3}
      propertyPath: m_RootOrder
      value: 2
      objectReference: {fileID: 0}
    - target: {fileID: 5137958463546093620, guid: 9128e5e8016e47e4694bfbef3b58de35,
        type: 3}
      propertyPath: m_LocalEulerAnglesHint.x
      value: 0
      objectReference: {fileID: 0}
    - target: {fileID: 5137958463546093620, guid: 9128e5e8016e47e4694bfbef3b58de35,
        type: 3}
      propertyPath: m_LocalEulerAnglesHint.y
      value: 0
      objectReference: {fileID: 0}
    - target: {fileID: 5137958463546093620, guid: 9128e5e8016e47e4694bfbef3b58de35,
        type: 3}
      propertyPath: m_LocalEulerAnglesHint.z
      value: 0
      objectReference: {fileID: 0}
    - target: {fileID: 7448135675060438256, guid: 9128e5e8016e47e4694bfbef3b58de35,
        type: 3}
      propertyPath: point.y
      value: 0
      objectReference: {fileID: 0}
    - target: {fileID: 7448135675060438256, guid: 9128e5e8016e47e4694bfbef3b58de35,
        type: 3}
      propertyPath: point.x
      value: 75
      objectReference: {fileID: 0}
    - target: {fileID: 7448135675060438256, guid: 9128e5e8016e47e4694bfbef3b58de35,
        type: 3}
      propertyPath: speed
      value: 1
      objectReference: {fileID: 0}
    m_RemovedComponents: []
  m_SourcePrefab: {fileID: 100100000, guid: 9128e5e8016e47e4694bfbef3b58de35, type: 3}
